3178 5113
1462 495 1896 558 ...34-

553 671 992 750 opportunum
1033 671 1155 746 est,
1196 667 1268 732 in
1308 666 1505 731 modo
1546 664 1859 731 insudare
1911 686 1998 730 ne
2039 662 2366 730 ἀιιιιὶιιιιε.ιι
2476 663 2584 730 Sic
2624 660 2811 730 vafi-

552 800 777 844 canus.
817 778 1154 844 Editores:
1200 785 1313 858 „tu
1354 778 1551 844 modo
1584 778 1896 843 insudare
1917 799 2051 842 non
2074 776 2398 843 ἀειεὶιιιιιι.ιι
2466 778 2810 861 Corrigen-

551 890 707 957 dum
750 898 882 956 est:
928 896 1151 971 „omni
1188 891 1382 957 modo
1416 891 1727 957 insudare
1768 913 1852 956 ne
1896 889 2220 956 desinas.“

720 1004 969 1068 Eodem
1030 1008 1190 1068 loco,
1278 1004 1500 1084 „Haec
1524 1005 1690 1071 ideo
1703 1056 1721 1084 ‚
1761 1003 2123 1083 karissime,
2165 1003 2290 1068 tibi
2327 1003 2811 1082 inculcavimus,

551 1120 707 1200 quia
745 1119 921 1182 inter
961 1138 1149 1201 reges
1193 1123 1262 1182 te
1307 1118 1520 1184 solum
1558 1117 1893 1196 habemus,
1938 1138 2132 1200 quem
2173 1138 2335 1199 prae
2377 1114 2522 1180 aliis
2545 1115 2812 1198 diligere

552 1231 999 1313 suprascripta
1052 1229 1436 1295 credimus.“
1519 1231 1834 1296 Fortasse
1898 1227 2373 1294 emendandum
2434 1233 2566 1294 est:
2606 1247 2812 1308 supra

548 1345 856 1422 scriptam
919 1345 1262 1407 ecclesiam,
1362 1342 1675 1408 Conferas
1737 1343 1900 1408 haec
1961 1341 2150 1406 initio
2213 1340 2504 1406 eiusdem
2568 1341 2812 1424 episto-

550 1453 685 1518 lae:
807 1453 1110 1537 „Absque
1186 1454 1384 1521 dubio
1463 1456 1788 1521 credimus
1852 1460 1922 1521 te
1987 1476 2070 1519 ex
2133 1453 2330 1520 corde
2403 1455 2601 1519 matri
2658 1459 2813 1519 tuae

554 1570 821 1631 sanetae
862 1566 1194 1632 Romanae
1239 1552 1553 1634 ecclesiae
1591 1567 1952 1681 adhaerere
2011 1588 2285 1652 eamque
2344 1567 2508 1632 totis
2548 1565 2813 1645 viribus,

550 1684 629 1744 ut
668 1678 891 1758 debes,
936 1678 1267 1761 diligeref‘

722 1792 794 1856 L.
838 1790 919 1855 Π.
961 1812 1062 1875 ep.
1109 1796 1189 1856 32
1238 1793 1351 1877 (Μ.
1403 1799 1526 1858 150
1568 1793 1701 1877 D..)
1774 1792 2046 1873 „Tantis
2090 1792 2459 1857 dilectionis
2502 1790 2814 1873 amplexi·

550 1901 675 1968 bus
718 1909 1017 1968 sanctam
1058 1904 1421 1970 Romanam
1461 1905 1808 1971 ecclesiam
1870 1910 1941 1971 et
1978 1926 2104 1971 nos
2146 1906 2249 1970 sui
2292 1903 2518 1970 debito
2559 1908 2629 1969 te
2670 1902 2813 1967 dili-

552 2037 704 2101 gere
768 2022 1105 2099 putamus,
1166 2023 1357 2084 tanto
1424 2017 1793 2084 dilectionis
1843 2018 2099 2083 fervore
2150 2017 2220 2082 in
2275 2038 2396 2082 suo
2453 2022 2524 2081 et
2579 2020 2814 2082 nostro

553 2150 773 2195 amore
816 2135 885 2195 te
930 2129 1168 2195 debere
1210 2130 1481 2211 fervere,
1525 2136 1605 2196 ut
1644 2133 1913 2196 nimium
1950 2132 2039 2196 sit
2057 2129 2249 2195 nobis
2271 2129 2621 2208 haesitare,
2655 2129 2816 2212 quin

552 2242 999 2325 apostolorum
1038 2243 1280 2323 limina,
1324 2245 1382 2309 si
1424 2243 1546 2310 tibi
1585 2245 1848 2328 integra
1888 2243 2156 2309 adesset
2185 2242 2466 2308 facultas
2499 2247 2569 2306 et
2585 2241 2814 2321 libera,

551 2356 914 2421 visitares.“
1032 2354 1162 2422 Pro
1224 2357 1571 2437 „nimium“
1616 2355 1969 2442 Gregorius
1986 2407 2004 2437 ,
2067 2357 2197 2431 nisi
2233 2355 2456 2434 fallor,
2522 2355 2812 2438 scripsit:

550 2472 832 2532 minime.

723 2582 796 2647 L.
841 2581 922 2646 Π.
968 2603 1068 2666 ep.
1112 2587 1197 2647 49
1246 2582 1360 2668 (M.
1411 2587 1532 2647 162
1580 2581 1702 2666 (3.).
1789 2580 1962 2661 „Sed
2005 2582 2160 2665 quia
2200 2602 2336 2647 non
2378 2586 2483 2647 est
2521 2581 2818 2665 pretiosa

552 2693 697 2763 laus
735 2716 949 2778 neque
994 2701 1227 2760 sanc-ta
1271 2696 1485 2761 oratio
1538 2696 1672 2760 cito
1732 2694 2094 2778 impetrans
2155 2696 2225 2759 in
2273 2716 2388 2759 ore
2428 2694 2816 2778 peccatoris,

554 2810 737 2875 cuius
783 2813 886 2873 est
908 2809 1044 2872 vita
1085 2807 1433 2873 laudabilis
1479 2812 1548 2871 et
1570 2808 1745 2871 actio
1771 2807 2145 2887 saecularis,
2189 2827 2373 2890 rogo,
2415 2811 2494 2872 ut
2536 2827 2668 2884 eos,
2704 2805 2818 2890 qui

521 2915 886 2987 'merentur
925 2919 1138 2985 audiri
1176 2942 1298 3004 pro
1340 2921 1515 2985 vitae
1556 2920 1828 3000 meritis,
1893 2920 2190 3004 vigilanti
2224 2940 2386 2985 cura
2424 2919 2695 3002 rogites,
2739 2921 2819 2982 ut

551 3055 674 3118 pro
717 3055 822 3098 me
839 3033 1051 3098 Deum
1084 3038 1417 3098 exorent.“
1484 3031 1686 3113 Haec,
1730 3036 1808 3097 ut
1848 3033 1918 3097 in
1938 3032 2261 3099 Vaticano
2287 3033 2617 3116 leguntur,
2659 3030 2820 3097 ferri

554 3151 907 3231 nequeunt.
993 3146 1218 3211 Adiice
1258 3149 1371 3209 via·
1408 3151 1563 3229 post
1606 3147 1840 3227 „vita“.

726 3258 800 3323 L.
821 3258 905 3323 Π.
946 3280 1046 3342 ep.
1073 3265 1155 3326 50
1193 3258 1307 3344 (M.
1338 3263 1457 3324 163
1481 3260 1608 3344 Β.).
1678 3258 2066 3340 „Caeterum
2105 3256 2282 3341 quod
2322 3277 2445 3322 nos
2489 3255 2573 3322 de
2616 3275 2822 3321 causa

555 3372 994 3455 Aragonensis
1018 3372 1433 3456 episcopatus
1457 3377 1528 3437 et
1548 3372 1935 3437 consuluisti
1956 3376 2026 3437 et
2045 3376 2114 3435 te
2136 3369 2421 3454 quodam
2437 3368 2633 3435 modo
2655 3367 2822 3434 velle

557 3483 952 3568 significasti,
996 3483 1107 3549 diu
1152 3490 1220 3549 et
1261 3485 1536 3549 multum
1580 3485 1875 3553 volentes
1920 3487 1989 3549 et
2031 3505 2178 3548 cum
2214 3481 2365 3547 filiis
2398 3487 2667 3547 sanctae
2686 3480 2822 3546 Ro-

555 3618 786 3662 manae
830 3597 1140 3662 ecclesiae
1161 3602 1668 3680 pertractanteS‚
1710 3598 2140 3680 incongruum
2178 3594 2321 3660 fore
2362 3594 2821 3678 pervidimus.“

556 3709 722 3792 „Diu
763 3716 832 3775 et
867 3710 1140 3775 multum
1174 3713 1530 3774 volventes“
1576 3709 1991 3784 scribendum
2030 3729 2194 3789 esse,
2237 3729 2426 3773 nemo
2466 3728 2599 3772 non
2619 3705 2817 3771 videt.

726 3822 799 3887 L.
839 3822 920 3887 II.
966 3844 1065 3906 ep.
1109 3828 1190 3887 54
1237 3823 1348 3908 (Μ.
1400 3827 1520 3887 167
1568 3822 1668 3909 C.)
1732 3821 1975 3903 „Quem
2021 3822 2173 3886 olim
2217 3822 2391 3886 omni
2435 3818 2646 3886 officio
2682 3819 2818 3903 pri-

555 3940 792 4015 vatum,
837 3934 1097 3999 reddita
1138 3934 1261 4000 sibi
1305 3935 1446 4000 sola
1492 3937 1943 4001 communione
1989 3934 2320 4014 ecclesiae,
2364 3933 2587 3997 multis
2622 3933 2818 3996 minis

555 4066 635 4112 ac
674 4046 980 4130 precibus
1027 4050 1382 4113 contestati
1426 4069 1653 4114 sumus
1671 4099 1687 4129 ,
1752 4054 1830 4113 ut
1871 4050 2260 4130 procuraret
2299 4045 2543 4112 habere
2585 4065 2819 4129 pacem

554 4157 903 4239 vobiscum,
947 4158 1221 4226 redditis
1277 4165 1345 4227 et
1387 4162 1752 4241 restitutis,
1813 4180 1982 4244 quae
2028 4158 2410 4239 abstulerat,
2457 4180 2603 4223 cum
2646 4175 2822 4240 aqua

553 4271 916 4337 monisterii
962 4270 1141 4358 (εἰσί)
1190 4277 1258 4338 et
1302 4295 1485 4358 spem
1529 4274 1796 4339 maioris
1838 4271 2133 4338 beneficii
2177 4271 2490 4351 dedimus,
2537 4270 2595 4336 si
2635 4290 2820 4335 man-

556 4383 716 4451 data
757 4389 1108 4451 servaret.“
1212 4384 1460 4453 Locum
1515 4385 1707 4454 valde
1763 4389 2144 4469 corruptum
2178 4383 2557 4451 Harduinus
2601 4402 2818 4452 emen-
