3178 5113
1499 473 1930 534 -42—

750 641 822 705 L.
871 640 1038 707 VIII.
1088 662 1188 725 ep.
1238 646 1274 706 5
1323 640 1434 725 (Μ.
1483 645 1606 707 319
1651 641 1775 726 Α.).
1868 640 2189 722 „Cicani.“
2291 643 2598 727 inerani
2637 646 2839 711 conii·

582 754 702 820 cio.
793 753 887 819 Cf.
930 753 1003 819 L.
1046 753 1212 819 VIII.
1261 774 1360 837 ep.
1400 759 1457 818 2.

755 865 941 931 Cone.
984 866 1263 930 Roman.
1307 866 1415 929 VI.
1460 866 1571 952 (M.
1601 870 1722 933 523
1769 867 1899 952 D.).
1968 867 2291 948 „Maxima
2324 868 2643 953 siquidem
2682 890 2843 954 pars

577 999 816 1063 panem
861 983 927 1044 et
971 980 1188 1044 vinum
1253 1000 1373 1064 per
1440 1000 1668 1046 sacrae
1737 981 2053 1051 orationis
2097 980 2299 1047 verba
2343 986 2410 1047 et
2477 982 2843 1049 sacerdotis

580 1092 1155 1172 consecrationem,
1204 1093 1439 1176 spiritu
1485 1097 1714 1158 sancto
1751 1093 2159 1159 invisibiliter
2182 1098 2514 1178 operante,
2553 1096 2846 1162 converti

587 1203 1111 1271 substantialiter
1152 1207 1219 1270 in
1266 1227 1502 1290 corpus
1525 1203 1945 1272 Dominicum,
1979 1205 2060 1271 de
2102 1207 2350 1291 virgine
2373 1212 2619 1288 natum,
2666 1206 2846 1293 quod

588 1323 655 1382 et
697 1318 766 1381 in
810 1338 1000 1383 cruce
1043 1318 1388 1402 pependit,
1457 1322 1524 1383 et
1586 1319 1655 1383 in
1708 1319 2114 1403 sanguinem,
2173 1321 2284 1404 qui
2330 1319 2409 1385 de
2454 1321 2592 1386 eius
2635 1321 2845 1387 latere

587 1430 806 1495 militis
855 1430 1095 1496 effusus
1142 1436 1245 1497 est
1299 1432 1560 1511 lancea,
1628 1430 1968 1496 asserebat
2032 1437 2231 1516 atque
2288 1432 2652 1499 rationibus
2706 1437 2844 1500 tam

589 1542 816 1608 Grecis
862 1564 1056 1627 quam
1111 1543 1362 1609 Latinis
1381 1548 1438 1623 5)
1493 1543 1705 1609 modis
1751 1543 2046 1609 omnibus
2097 1543 2517 1626 defendebat3
2580 1545 2845 1630 quidam
2891 1534 2903 1545 ’

588 1677 759 1736 vem,
807 1657 1126 1721 caecitate
1169 1657 1368 1722 nimia
1413 1661 1480 1721 et
1522 1657 1719 1740 longa
1761 1656 2059 1740 perculsi,
2104 1656 2312 1742 figura
2344 1663 2603 1724 tantum
2649 1661 2844 1746 [quae

590 1767 1022 1834 substantiale
1077 1768 1238 1834 illud
1282 1791 1518 1853 corpus
1562 1770 1632 1836 in
1670 1768 1941 1834 dextera
1981 1771 2190 1853 patris
2236 1772 2469 1837 sedens
2515 1771 2708 1857 esse]‚
2776 1778 2845 1838 s'e

590 1882 881 1966 aliosque
943 1881 1340 1966 decipientes
1360 1933 1375 1964 ,
1441 1881 1830 1968 quibusdam
1875 1882 2393 1949 cavillationibus
2439 1883 2848 1950 conabantur

533 2052 548 2067 x
590 1998 965 2072 astruereff
1036 1993 1248 2060 L‘ocus
1294 1993 1379 2059 ad
1424 2015 1688 2060 causam
1730 1995 2108 2079 Berengarii
2153 1999 2456 2079 spectans
2502 1996 2846 2064 manifesto

591 2110 936 2190 corruptus
982 2111 1101 2172 est.
1191 2106 1427 2181 Verba,
1473 2128 1640 2192 quae
1684 2109 1868 2173 uncis
1909 2108 2306 2195 inclusimus,
2349 2109 2417 2175 in
2462 2109 2684 2175 codice
2715 2109 2848 2176 Va-

590 2220 811 2287 ticano
877 2223 1202 2302 expuncta
1268 2223 1439 2284 sunt.
1568 2218 1697 2286 Sed
1763 2242 2155 2304 quamquam
2217 2219 2523 2286 librarius
2583 2221 2851 2306 quidam

593 2353 671 2398 ea
716 2330 917 2397 deleri
961 2332 1182 2413 voluit,
1228 2337 1448 2398 tamen
1507 2333 1918 2398 restituenda
1961 2338 2159 2417 atque
2205 2333 2272 2398 in
2315 2333 2486 2399 hunc
2530 2333 2665 2399 fere
2708 2356 2849 2402 mo-

593 2444 745 2510 dum
791 2432 1197 2510 emendanda
1220 2466 1363 2510 esse
1399 2445 1715 2511 arbitror:
1763 2444 2067 2530 „quidam
2088 2467 2261 2526 vero,
2309 2447 2627 2512 caecitate
2649 2447 2850 2514 nimia

594 2563 661 2624 et
702 2559 898 2643 longa
939 2558 1253 2660 percplsi,
1291 2558 1498 2643 figura
1542 2563 1822 2644 tantum,
1850 2560 2248 2646 („converti“
2296 2556 2696 2644 subaudias),
2743 2566 2847 2624 at-

591 2690 708 2756 que
754 2670 1185 2737 substantiale
1228 2671 1387 2736 illud
1434 2694 1670 2756 corpus
1723 2674 1792 2737 in
1838 2671 2108 2738 dextera
2149 2673 2359 2757 patris
2405 2671 2637 2738 sedens
2684 2694 2836 2755 esse,

593 2805 663 2849 se
705 2784 995 2866 aliosque
1040 2782 1454 2869 decipienteS‚
1523 2785 1911 2869 quibusdam
1958 2775 2472 2864 cavillationibus
2520 2785 2832 2851 conaban-

589 2900 699 2961 tur
756 2891 1115 2962 astruere.“
1239 2897 1497 2962 Caraffa
1558 2918 1704 2962 meo
1771 2895 2009 2964 iudicio
2085 2898 2476 2964 sententiam
2531 2897 2845 2983 pervertit

588 3011 795 3094 magis
842 3031 1037 3095 quam
1082 3011 1424 3076 constituit
1466 3011 1557 3076 sic-
1603 3009 1972 3076 scribendo:
2034 3010 2346 3095 „figuram
2389 3015 2647 3077 tantum
2694 3010 2844 3077 sub-

589 3122 893 3187 stantiale
933 3121 1094 3187 illud
1140 3144 1375 3206 corpus
1418 3123 1487 3187 in
1533 3122 1769 3189 dextra
1789 3123 2001 3207 patris
2048 3122 2281 3189 sedens
2320 3144 2481 3204 esse,
2529 3144 2729 3208 seque
2775 3125 2844 3189 et

588 3235 751 3300 alios
796 3233 1234 3319 decipientes“
1280 3238 1403 3300 etc.
1762 3223 1765 3226 Δ
2392 3224 2404 3234 ’

1664 3567 1766 3650 V.

761 3792 898 3857 Iam
962 3756 1124 3857 satis
1187 3791 1268 3857 de
1344 3790 1777 3876 antiquissimi
1855 3792 2095 3859 codicis
2161 3792 2465 3860 Vaticani
2528 3799 2596 3861 et
2654 3814 2846 3880 prae·

590 3906 837 3971 stantia
883 3908 951 3970 et
992 3904 1164 3970 vitiis
1209 3904 1450 3970 dixisse
1495 3904 1651 3970 mihi
1690 3905 1930 3986 videor,
1976 3915 2187 3990 neque
2208 3905 2482 3989 amplius
2506 3909 2848 3993 quisquam

627 4187 685 4251 5)
730 4186 795 4241 In
826 4159 1062 4256 margine
1105 4184 1299 4242 codicis
1331 4183 1576 4239 Vaticani
1616 4182 1752 4238 haec
1792 4182 2063 4250 leguntur:
2122 4184 2556 4254 „auctoritatibus
2599 4184 2846 4241 orthodo-

730 4297 919 4337 xorum
953 4287 1255 4337 sanctorum
1287 4286 1499 4349 patrum
1548 4284 1660 4334 tam
1704 4276 1995 4331 Grecorum
2041 4293 2200 4347 quam
2233 4276 2595 4350 Latinorum“,
2634 4296 2771 4349 quae
2814 4296 2850 4335 a

731 4376 940 4435 Caraffa
971 4382 1193 4446 recepta
1223 4376 1281 4431 in
1312 4389 1495 4434 omnes
1528 4372 1791 4431 editiones
1823 4372 2169 4431 transierunt.
