3178 5113
1514 340 1941 402 ...32-

771 507 1036 574 Modum
1090 507 1279 606 huius
1325 509 1888 574 commentationis
1931 508 2124 592 longe
2169 506 2579 586 excederem,
2649 505 2709 571 si
2794 504 2906 570 de

602 619 900 686 omnibus
947 621 1291 686 sententiis
1333 621 1434 686 vel
1478 622 1693 687 verbis
1737 642 1868 688 una
1922 621 2208 687 alterave
2263 621 2521 686 ratione
2563 619 2631 684 in
2674 617 2900 683 Vati-

603 752 767 798 cano
814 734 1138 816 corruptis
1183 732 1285 797 hic
1331 738 1598 799 acturus
1646 754 1881 813 essem3
1930 755 2139 817 neque
2183 734 2251 798 in
2293 734 2373 798 iis
2398 730 2694 797 omnibus
2742 729 2894 794 im-

601 848 843 914 morari
888 848 1066 925 licet,
1133 868 1294 929 quas
1340 847 1420 911 de
1466 848 1842 912 coniectura
1886 867 2154 912 sanasse
2199 845 2354 910 mihi
2397 843 2638 910 videor.
2727 842 2886 907 Ve-

601 981 744 1025 rum
793 961 960 1025 viros
1021 959 1250 1024 doctos
1296 960 1382 1023 ad
1444 959 1563 1024 has
1626 981 1732 1024 res
1785 958 2269 1043 investigandas
2327 958 2619 1023 curiosos
2663 955 2883 1039 aequi

589 1072 869 1155 bonique
912 1071 1325 1137 consulturos
1372 1093 1515 1136 esse
1571 1092 1794 1155 spem,
1864 1073 1920 1137 si
1963 1072 2287 1137 nonnullis
2334 1069 2641 1154 exemplis
2686 1068 2876 1133 viam

589 1185 787 1269 paulo
853 1184 1223 1249 distinctius
1292 1183 1591 1263 doceam,
1660 1206 1828 1268 quae
1881 1206 2027 1250 mea
2094 1184 2352 1267 quidem
2397 1182 2725 1248 sententia
2770 1180 2875 1246 ad

593 1298 936 1364 lectionem
983 1296 1223 1362 codicis
1270 1298 1733 1365 emendandam
1781 1299 2165 1363 instituatur
2212 1300 2491 1380 oportet.

759 1410 833 1475 L.
876 1411 923 1474 I.
971 1431 1070 1493 ep.
1125 1415 1194 1473 ll
1250 1410 1358 1493 (M.
1389 1415 1468 1474 68
1495 1409 1613 1494 Q).
1663 1410 2079 1493 „Quicunque
2126 1430 2279 1493 ergo
2327 1409 2459 1474 sive
2506 1428 2619 1491 spe
2658 1406 2870 1471 huius

591 1522 684 1587 vel
732 1524 965 1587 timore
1013 1522 1181 1586 illius
1224 1522 1291 1586 in
1336 1528 1630 1606 tempore
1674 1522 2123 1606 temptationis
2169 1521 2251 1586 ab
2298 1522 2417 1601 his,
2464 1512 2630 1604 quae
2663 1524 2867 1584 recta

587 1640 756 1715 sunt,
804 1634 1052 1714 deviat,
1116 1655 1236 1699 nec
1305 1656 1568 1717 sperare
1627 1635 1695 1698 in
1739 1635 1948 1699 Deum
1992 1655 2112 1698 nec
2168 1633 2531 1697 divinarum
2575 1630 2861 1713 eloquiis

587 1749 1057 1832 scripturarum
1103 1769 1173 1812 se
1198 1746 1506 1812 adhibere
1530 1746 1965 1811 manifestat.“
2037 1746 2141 1811 Sic
2164 1745 2539 1810 Vaticanus.
2592 1742 2862 1810 Caraffa

583 1882 702 1945 pro
749 1859 1138 1941 „adhibere“
1177 1861 1438 1943 scripsit
1475 1861 1834 1923 adhaerere.
1908 1859 2131 1943 Neque
2156 1862 2374 1923 tamen
2398 1857 2645 1937 dubito,
2693 1857 2856 1940 quin

587 1979 741 2039 ante
786 1971 1176 2056 „adhibere“
1224 1972 1537 2037 exciderit
1564 1973 1796 2054 fidem.

756 2085 827 2150 L.
887 2085 933 2149 I.
994 2106 1092 2168 ep.
1146 2089 1219 2148 17
1292 2085 1401 2170 (M.
1448 2090 1528 2149 74
1575 2086 1701 2168 Β.).
1769 2085 2108 2171 „Fratrem
2171 2088 2460 2148 vestrum
2528 2082 2848 2148 attentius

582 2198 960 2277 hortemini,
1030 2199 1337 2280 quatinus
1393 2198 1760 2280 legatorum
1821 2201 2196 2261 nostrorum
2253 2195 2517 2260 monitis
2586 2195 2847 2260 debitae

584 2310 993 2374 obedientiae
1039 2331 1262 2374 aurem
1305 2310 1571 2375 inclinet
1612 2313 1678 2373 et
1702 2309 2006 2391 quicquid
2047 2309 2336 2373 iustitiae
2363 2308 2485 2373 sibi
2511 2330 2845 2392 suggesse-

582 2423 716 2486 rint
760 2461 842 2469 —
888 2460 971 2468 —
1008 2458 1091 2467 --
1132 2460 1215 2470 —-
1260 2422 1359 2486 vel
1406 2444 1483 2486 ex
1527 2423 1606 2487 iis
1651 2421 2049 2504 praeiudicio
2082 2422 2479 2504 pergravari,
2524 2421 2703 2486 nulla
2728 2420 2843 2487 sibi

584 2534 667 2599 ab
712 2534 834 2599 hac
880 2533 1153 2599 ecclesia
1197 2534 1530 2601 audientia
1574 2535 2063 2620 denegabitur.“
2131 2533 2329 2599 Plura
2372 2534 2677 2622 librarius
2719 2533 2838 2599 Va·

585 2648 782 2712 ticani
825 2647 1060 2726 omisit,
1104 2648 1340 2714 lacuna
1383 2655 1535 2732 post
1579 2650 2105 2732 ‚,suggesserint“
2130 2648 2378 2712 relicta.
2441 2647 2569 2713 Sed
2593 2646 2827 2715 Caraffa

729 2987 899 3077 spicio
922 3024 1028 3061 non
1051 3007 1241 3061 abesse
1263 3005 1521 3075 videatur,
1555 3007 1682 3075 quin
1717 3006 1917 3061 librarii
1953 3006 2008 3061 id
2042 3022 2252 3075 quoque
2288 3007 2504 3075 saepius
2527 3004 2843 3072 admiserint,

727 3110 788 3157 ut
823 3103 1065 3171 Gregorii
1098 3103 1271 3157 verbis
1307 3117 1405 3157 sua
1437 3109 1640 3158 temere
1677 3102 2052 3169 admiscerent3
2088 3101 2229 3170 quod
2251 3102 2396 3157 haud
2419 3103 2577 3158 dubie
2611 3116 2841 3155 nonnun-

727 3214 884 3266 quam
919 3197 1118 3252 factum
1170 3205 1277 3266 est,
1312 3198 1409 3253 sed
1450 3198 1721 3267 plerisque
1757 3197 2129 3252 additamentis
2169 3199 2277 3252 iam
2317 3199 2373 3253 in
2414 3194 2840 3266 recognoscendo

724 3293 859 3347 libro
895 3293 1083 3348 deletis
1119 3308 1290 3361 pauca
1326 3294 1654 3361 reliquerunt
1687 3293 1839 3347 nobis
1874 3293 2240 3361 expungenda.
2312 3293 2630 3362 Exemplum
2663 3291 2842 3359 depre-

723 3388 1001 3442 hendimus
1052 3390 1105 3443 in
1150 3390 1495 3457 inscriptione
1532 3406 1617 3457 ep.
1658 3392 1688 3439 2
1729 3389 1850 3442 libri
1884 3389 2007 3443 VII.
2046 3390 2145 3455 (M.
2185 3391 2284 3441 289
2319 3390 2442 3461 A.),
2493 3389 2583 3443 ubi
2615 3388 2671 3442 in
2705 3385 2842 3442 Vati-

708 3487 857 3538 cano
892 3484 1027 3539 haec
1062 3486 1336 3552 leguntur:
1373 3485 1696 3553 „Gregorius
1747 3492 1835 3535 etc.
1881 3484 2116 3540 Lucensi
2162 3486 2306 3540 clero
2354 3492 2409 3540 et
2451 3484 2652 3554 populo
2695 3491 2840 3537 exce·

723 3579 831 3646 ptis
865 3579 966 3648 his,
989 3580 1205 3646 quinon
1233 3580 1618 3633 communicant
1651 3595 1824 3647 neque
1860 3582 2197 3635 consentiunt
2213 3580 2606 3636 communicatis
2624 3579 2840 3635 salutem

618 3689 624 3695 ·
726 3671 852 3726 etc.“
922 3673 1247 3743 „Exceptis“
1285 3682 1571 3742 expuncto,
1608 3675 1780 3729 omnia
1815 3676 1950 3732 bene
2010 3692 2067 3731 se
2126 3675 2350 3744 habent3
2410 3675 2480 3729 cf.
2539 3676 2603 3729 L.
2639 3674 2704 3727 V.
2758 3687 2835 3739 ep·

641 3817 648 3828 ,
724 3771 755 3820 6
794 3777 848 3824 et
882 3770 945 3822 L.
983 3770 1079 3823 IX.
1121 3786 1203 3836 ep.
1240 3772 1290 3819 8.
1346 3769 1553 3823 Caraffa
1588 3779 1733 3825 certe
1769 3771 1926 3827 aliter
1960 3774 2133 3827 locum
2169 3770 2421 3839 expedire
2455 3770 2686 3838 studuit,
2728 3783 2836 3822 cum

723 3865 777 3918 in
811 3864 952 3918 hunc
985 3864 1199 3917 modum
1234 3864 1439 3920 ederet:
1480 3866 1603 3935 „qui
1637 3866 2028 3923 communicant
2066 3874 2228 3935 atque
2263 3861 2653 3932 consentiunt.“
2711 3864 2835 3917 Item

725 3959 1134 4028 expungendum
1188 3960 1396 4014 videtur
1454 3959 1675 4031 „quem“
1710 3963 1766 4016 in
1821 3963 1904 4017 his
1950 3962 2150 4017 verbiS:
2238 3961 2460 4033 „Neque
2495 3959 2652 4029 fenim
2688 3958 2833 4013 alium

723 4060 939 4109 nostrae
986 4053 1172 4109 salutis
1218 4061 1274 4109 et
1308 4062 1557 4111 aeternae
1603 4058 1744 4113 vitae
1780 4059 2053 4114 introitum
2089 4057 2285 4114 Christi
2338 4058 2522 4113 ovibus
2560 4068 2833 4123 eorumque

717 4135 1021 4217 pastoribus
1052 4156 1239 4218 patere
1274 4152 1630 4225 cognovimus,
1662 4153 1766 4209 nisi
1799 4171 1938 4221 quem
1969 4154 2038 4208 ab
2066 4155 2187 4223 ipso
2220 4149 2623 4211 monstratum.“
2658 4152 2721 4205 L.
2747 4148 2833 4209 111.

724 4258 805 4312 ep.
847 4246 911 4293 10
949 4243 1051 4309 (Μ.
1097 4245 1192 4296 197
1234 4245 1345 4312 Β.).
