3178 5113
1350 483 1908 543 ...39-...

544 679 549 685 ’
607 651 681 716 L.
708 650 811 717 VI.
858 672 955 735 ep.
1003 655 1084 716 28
1133 650 1244 737 (M.
1290 655 1415 716 278
1440 651 1563 736 B.).
1643 650 1993 732 „Miramur
2027 650 2466 715 temeritatem
2489 652 2557 715 et
2597 648 2694 713 in-

438 763 784 830 solentiam
825 765 1375 847 praesumptionis
1420 768 1709 845 vestrae,
1780 763 1957 849 quod
2023 766 2256 829 contra
2314 762 2416 828 sas
2481 766 2548 826 et
2586 782 2695 826 ex-

440 876 1087 943 communicationem
1131 876 1559 961 apostolicam
1602 876 1786 942 vobis
1831 875 2141 956 delatam,
2187 874 2520 941 abbatiam
2564 873 2696 938 Do-

436 991 701 1069 lensem,
747 1009 940 1074 quam
986 990 1054 1054 in
1096 990 1373 1054 tutelam
1416 988 1731 1056 hactenus
1776 988 2114 1068 habuistiS,
2159 989 2353 1053 immo
2391 988 2588 1052 etiam
2612 985 2698 1052 ad

441 1101 765 1168 cumulum
812 1100 1184 1166 detrimenti
1227 1106 1366 1167 tam
1409 1103 1768 1167 animarum
1814 1108 2178 1168 vestrarum
2228 1121 2424 1184 quam
2467 1119 2697 1182 eorpo-

414 1235 582 1279 ·rum
605 1263 622 1295 ,
670 1212 926 1280 abiecto
974 1235 1069 1296 eo,
1139 1235 1328 1298 quem
1372 1216 1654 1300 propriis
1694 1214 1993 1281 manibus
2033 1214 2172 1279 Deo
2213 1213 2471 1279 volente
2514 1210 2698 1278 vobis

436 1327 505 1392 in
527 1326 831 1392 abbatem
854 1328 1391 1408 consecravimus,
1439 1328 1842 1396 Gualterium
1879 1329 2244 1394 invasorem
2285 1326 2698 1408 inrecupera-

437 1439 656 1505 biliter
700 1438 1177 1524 deposuimu3.“
1245 1440 1504 1525 Aliquid
1542 1440 1863 1523 excidisse
1905 1444 2061 1524 post
2104 1438 2524 1521 „habuistis“,
2569 1437 2698 1501 iam

442 1550 698 1617 Caraffa
740 1555 1013 1618 notavit.
1100 1555 1175 1616 Vi
1212 1556 1534 1617 invasistis
1577 1554 1680 1623 vel
1722 1554 1851 1619 alia
1895 1553 2127 1618 similia
2149 1549 2510 1636 supplenda
2534 1567 2696 1629 esse,

438 1663 852 1730 manifestum
897 1669 1016 1730 est.
1089 1665 1214 1732 Sed
1258 1686 1340 1732 ne
1388 1667 1480 1732 sic
1526 1666 1785 1751 quidem
1822 1665 2004 1732 locus
2024 1665 2300 1731 sanat-us
2325 1667 2445 1728 est.
2490 1662 2699 1728 Aliam

443 1778 611 1842 enim
652 1778 1287 1860 praetermissionem
1326 1783 1479 1863 post
1522 1780 1966 1860 „invasorem“
2011 1776 2444 1861 deprehendo.
2534 1774 2698 1859 Sup-

406 1890 619 1974 plere
648 1890 946 1956 lacunam
980 1891 1080 1957 his
1123 1891 1337 1957 verbis
1379 1913 1573 1975 posse
1618 1893 1774 1959 mihi
1796 1892 2047 1960 videor:
2094 1892 2473 1973 „recepistz’s‚
2517 1906 2698 1972 quem

398 2046 403 2051 -
436 2002 1072 2088 inrecuperabiliter“
1117 2008 1240 2071 etc.

608 2115 681 2180 L.
727 2115 834 2181 VI.
881 2137 980 2200 ep.
1031 2121 1109 2182 32
1160 2117 1271 2201 (M.
1319 2122 1439 2184 281
1470 2118 1595 2205 A.).
1664 2117 2007 2199 „Pervenit
2050 2117 2137 2184 ad
2180 2102 2373 2182 aures
2414 2117 2697 2193 nostras,

443 2228 619 2312 quod
660 2228 836 2295 bona
877 2228 1199 2314 Rorgonis
1245 2228 1326 2295 de
1372 2228 1666 2315 Coequo,
1733 2210 1900 2315 quae
1964 2235 2223 2295 mortuo
2283 2230 2425 2313 ipso
2470 2228 2538 2292 in
2580 2246 2697 2309 po-

442 2345 754 2407 testatem
796 2343 1104 2425 germani,
1151 2343 1398 2409 scih‘cet
1440 2344 1689 2428 Ugonis
1736 2343 1946 2409 nostri
2000 2342 2209 2408 fidelis
2255 2346 2321 2407 et
2363 2341 2494 2421 filii,
2558 2340 2698 2404 iure

445 2452 684 2521 debent
725 2455 1112 2534 concedere,
1179 2456 1322 2540 Ugo
1364 2455 1655 2522 Delezim‘
1713 2478 1753 2522 a
1797 2477 1925 2541 quo
1968 2456 2208 2521 iniuste
2262 2452 2702 2539 praesumpsit

442 2567 806 2633 invadere.“
895 2568 1000 2634 Sic
1044 2569 1418 2635 Vaticanus.
1522 2569 1779 2636 Caraffa
1844 2592 1925 2651 „a
1965 2575 2133 2654 quo“
2198 2568 2433 2635 omisit.
2531 2566 2698 2630 Har-

443 2679 676 2747 duinus
711 2681 1045 2766 ingeniose
1081 2681 1510 2748 coniiciendo:
1554 2683 1677 2764 „de
1697 2682 2079 2748 Leziniaco“
2123 2703 2326 2767 prope
2372 2680 2457 2746 ad
2479 2700 2700 2744 veram

441 2793 785 2860 lectionem
830 2795 1128 2860 accessit.
1188 2793 1516 2878 Scriptum
1557 2796 1732 2861 enim
1772 2799 1915 2860 erat
1957 2795 2026 2860 in
2066 2793 2418 2880 archetypo
2440 2793 2518 2856 de
2543 2792 2698 2854 Ler-

441 2908 760 2991 zz'nz‘aquO.
850 2905 940 2971 Cf.
985 2906 1156 2972 infra
1199 2911 1667 2988 „memoratum
1720 2908 2314 2973 Lerziniacensem“
2384 2907 2506 2993 (sic
2543 2905 2700 2971 scri-

442 3023 628 3104 ptum
674 3021 776 3083 est
818 3019 885 3083 in
906 3019 1244 3099 Vatican0,
1289 3041 1421 3085 non
1469 3020 2115 3107 „Leziniacensem“).
2189 3020 2287 3096 Qu
2332 3024 2400 3085 et
2431 3040 2465 3082 c
2508 3038 2702 3102 saepe

442 3133 511 3199 in
556 3131 779 3198 codice
822 3135 1052 3197 nostro
1095 3119 1483 3216 permutata*
1515 3139 1687 3198 sunt.

614 3243 688 3309 L.
735 3244 842 3311 VI.
892 3265 990 3328 ep.
1039 3249 1117 3309 35
1168 3244 1278 3331 (M.
1326 3248 1449 3310 283
1497 3244 1626 3329 D.).
1737 3245 2152 3326 „Provinciae
2219 3249 2438 3311 autem
2494 3243 2701 3310 multo

445 3361 599 3424 ante
624 3356 866 3423 Christi
909 3356 1261 3423 adventum
1304 3361 1599 3442 tempore
1644 3356 1885 3425 divisae
1910 3364 2063 3424 sunt
2085 3359 2367 3424 maxima
2390 3378 2470 3423 ex
2490 3360 2702 3441 parte,

447 3473 517 3535 et
557 3474 792 3555 postea
871 3470 954 3536 ab
1022 3470 1336 3554 apostolis
1403 3475 1471 3536 et
1535 3471 1733 3538 beato
1804 3469 2133 3537 Clemente
2199 3469 2703 3555 praedecessore

445 3587 674 3649 nostro
717 3583 864 3668 ipsa
906 3581 1134 3648 divisio
1182 3586 1285 3647 est
1349 3587 1682 3664 renovata,
1750 3587 1818 3650 et
1860 3585 1928 3650 in
1973 3585 2186 3668 capite
2227 3584 2705 3669 provinciarum

347 3684 358 3700 ’
445 3734 526 3745 —-—
564 3696 679 3761 ubi
722 3695 965 3762 dudum
1007 3695 1324 3780 primates
1366 3695 1528 3780 legis
1574 3701 1764 3762 erant
1808 3698 2050 3763 saeculi
2086 3718 2163 3764 ac
2206 3697 2417 3780 prima
2458 3695 2704 3764 iudica-

445 3808 546 3875 ria
585 3812 917 3893 potestas,
992 3808 1078 3874 ad
1123 3827 1287 3892 quos
1332 3808 1443 3893 qui
1498 3830 1619 3895 per
1660 3809 1946 3894 reliquas
2004 3810 2301 3876 civitates
2347 3829 2704 3875 commora-

445 3921 706 4003 bantur,
753 3921 1013 4007 quando
1061 3921 1152 3987 eis
1197 3941 1466 3987 necesse
1512 3927 1674 4003 erat,
1719 3923 1830 4007 qui
1872 3922 1958 3988 ad
1980 3923 2197 3989 aulam
2238 3923 2703 4006 imperatorum

445 4034 548 4101 vel
577 4056 804 4119 regum
847 4035 1194 4120 confugere
1236 4055 1369 4101 non
1413 4038 1724 4117 poterant
1766 4037 1867 4101 vel
1911 4035 2143 4120 quibus
2167 4036 2551 4120 permissum
2571 4054 2704 4101 non

446 4151 610 4227 erat,
656 4146 1115 4232 confugiebant
1155 4169 1276 4233 pro
1322 4147 1849 4230 oppressionibus
1894 4148 1994 4214 vel
2034 4149 2369 4214 iniustitiis
2430 4148 2563 4213 suis
2606 4148 2704 4232 ip-

447 4280 688 4345 sosque
724 4259 1162 4343 appellabant,
1207 4261 1510 4345 quotiens
1557 4279 1721 4343 opus
1767 4265 1927 4341 erat,
1974 4262 2144 4327 sicut
2183 4262 2252 4326 in
2294 4261 2437 4345 lege
2481 4281 2704 4327 eorum

447 4377 869 4466 praeceptum
913 4375 1059 4442 erat
1116 4376 1203 4422 2-
1256 4372 1417 4460 ipsis
1460 4393 1718 4458 quoque
1773 4372 2144 4442 civitatibus
2188 4373 2289 4440 vel
2332 4374 2493 4441 locis
2537 4371 2703 4443 cele-
