3178 5113
1337 484 1765 549 *43*-

379 652 528 727 libri
564 657 1025 722 auctoritatem
1067 657 1237 722 tanti
1280 655 1494 737 faciet,
1543 657 1803 739 opinor,
1870 661 1945 721 ut
2008 676 2141 724 non
2198 653 2327 723 alia
2383 676 2639 742 quoque

379 768 724 852 praesidia,
772 770 828 834 si
868 768 1060 835 modo
1108 769 1434 853 explorari
1476 771 1841 853 potuerint,
1889 769 2258 835 adhibenda
2301 792 2445 836 esse
2492 791 2640 836 cen-

382 890 544 947 seat.
635 881 1096 947 Verumtamen
1120 931 1135 962 ,
1204 883 1260 946 si
1325 870 1467 964 quis
1528 904 1608 947 ex
1664 883 1744 946 iis
1791 882 2118 965 exempIiS,
2166 903 2332 965 quae
2377 887 2642 966 praeter

383 993 771 1059 Vaticanum
810 1015 928 1078 per
971 994 1227 1058 Italiam
1268 995 1335 1058 in
1383 994 1724 1059 tabulariis
1770 999 1837 1058 et
1877 993 2282 1059 bibliothecis
2317 995 2420 1059 hic
2444 999 2642 1078 atque

381 1106 512 1171 illic
552 1105 893 1186 habentur,
940 1127 1244 1189 magnum
1285 1104 1568 1170 fructum
1614 1107 2072 1189 expectaverit,
2118 1108 2477 1189 periculum
2521 1111 2642 1187 est,

382 1240 463 1283 ne
532 1219 902 1301 expectatio
949 1218 1088 1282 eius
1132 1218 1546 1283 vehementer
1608 1216 1984 1300 decipiatur.
2097 1218 2263 1284 Nam
2320 1224 2646 1311 quotquot

383 1331 449 1396 in
493 1330 687 1394 Italia
730 1350 770 1394 a
813 1351 915 1394 me
966 1330 1344 1412 investigari
1408 1334 1718 1412 poterant
1745 1330 1791 1416 ¹)
1811 1381 1826 1410 ,
1889 1329 2218 1395 fluxerunt
2282 1352 2503 1396 omnes
2565 1352 2645 1395 ex

383 1442 528 1524 ipso
573 1440 793 1506 codice
840 1439 1034 1524 saepe
1077 1441 1365 1522 laudat0,
1428 1463 1638 1525 neque
1701 1443 2093 1526 antiquitate
2159 1447 2277 1508 aut
2327 1443 2461 1508 ulla
2518 1443 2647 1508 alia

276 1574 282 1591 ·
385 1575 458 1618 re
504 1554 843 1625 excellunt.
934 1552 1367 1631 Quamobrem
1411 1555 1651 1621 codicis
1696 1554 1996 1620 Vaticani
2037 1554 2316 1621 lectione
2362 1556 2644 1639 cognita,

381 1667 514 1733 iam
552 1667 740 1750 parvi
777 1667 1057 1732 interest
1121 1666 1475 1747 adnotare,
1544 1669 1801 1751 quoties
1866 1667 1979 1732 illa
2023 1668 2316 1751 exempla
2360 1690 2506 1733 cum
2568 1689 2646 1734 eo

384 1780 794 1859 conveniant,
842 1781 1100 1862 quoties
1141 1778 1226 1844 ab
1273 1801 1348 1845 eo
1374 1779 1707 1846 recedant.
1754 1778 1913 1844 Fide
1957 1784 2138 1846 certe
2182 1784 2382 1863 atque
2420 1783 2646 1846 aucto-

385 1893 585 1958 ritate
629 1913 777 1957 cum
819 1891 1170 1976 archetypo
1217 1912 1334 1957 suo
1380 1892 1556 1957 nullo
1599 1896 1797 1976 pacto
1845 1891 2124 1957 conferri
2166 1896 2462 1976 possunt.

555 2005 655 2070 De
696 2004 918 2071 codice
962 2005 1341 2084 Mutinensi,
1402 2024 1796 2088 quamquam
1839 2026 1973 2069 non
2017 2026 2096 2070 ex
2139 2006 2281 2088 ipso
2330 2004 2647 2070 Vaticano

386 2115 590 2197 fluxit,
630 2118 738 2183 vix
783 2117 976 2182 aliter
1018 2115 1436 2181 iudicandum
1481 2118 1625 2181 erit.
1713 2117 2097 2200 Descriptus
2135 2121 2236 2182 est
2275 2117 2504 2200 procul
2529 2115 2646 2182 du-

388 2230 497 2296 bio
555 2251 633 2295 ex
701 2229 923 2296 codice
987 2232 1278 2310 vetusto‘,
1345 2230 1458 2313 qui
1518 2229 1671 2294 olim
1733 2230 2115 2294 monasterii
2159 2228 2648 2295 Clarevallensis

392 2342 530 2423 fuit,
596 2364 768 2408 nunc
821 2342 890 2406 in
944 2340 1341 2407 bibliotheca
1386 2341 1693 2407 Trecensi
1760 2346 2057 2408 servatur
2076 2341 2152 2426 2).
2263 2340 2436 2406 Nihil
2480 2342 2650 2407 enim

389 2455 739 2521 Zachariae
780 2453 1019 2520 iudicio
1067 2455 1393 2537 singulare
1436 2454 1640 2521 habet
1656 2455 1714 2539 ⁸)
1756 2459 2019 2537 praeter
2063 2454 2408 2538 epistolam
2449 2475 2649 2549 unam

391 2589 431 2633 a
473 2570 860 2634 Bertramno
908 2568 1142 2633 comite
1189 2568 1555 2634 Arelatensi
1609 2567 1696 2633 ad
1739 2567 2123 2651 Gregorium
2168 2566 2408 2648 datam,
2454 2587 2651 2651 quam

390 2681 678 2747 Mansius
727 2682 893 2767 (XX.
951 2702 1004 2746 c.
1052 2684 1197 2746 363.
1258 2681 1409 2766 364)
1479 2679 1925 2746 excudendam
1969 2680 2236 2745 curavit.
2359 2680 2651 2746 Eandem

389 2815 540 2862 vero
584 2793 929 2878 epistolam
973 2814 1052 2858 ex
1097 2792 1556 2859 Olarevallensi
1602 2773 1821 2859 codic-e
1864 2797 2237 2877 excerptam
2283 2791 2650 2876 Stephanus

390 2906 696 2971 Baluzius
754 2906 884 2970 iam
950 2903 1194 2970 dudum
1258 2905 1327 2969 in
1381 2905 1814 2973 Miscellaneis
1873 2905 2038 2991 (VII.
2078 2927 2141 2990 p.
2195 2906 2343 2992 128)
2411 2904 2653 2988 publici

389 3019 546 3086 iuris
607 3017 886 3099 fecerat,
955 3023 1023 3082 et
1087 3017 1327 3083 collata
1380 3017 1724 3084 Mansiana
1765 3019 2044 3085 lectione
2110 3039 2257 3083 cum
2300 3017 2653 3083 Baluziana

436 3343 490 3406 l)
533 3342 757 3398 Praeter
793 3339 1066 3396 laudatum
1108 3339 1345 3397 codicem
1376 3329 1623 3394 tabularii
1668 3338 1939 3406 Vaticani,
1992 3344 2111 3393 octo
2165 3352 2266 3406 per
2307 3337 2513 3391 Italiam
2547 3337 2653 3392 iter

529 3435 729 3492 faciens
761 3438 877 3506 ipse
910 3436 1142 3505 inspexi:
1180 3435 1408 3491 alterum
1438 3434 1738 3503 exemplum
1770 3433 2021 3488 tabularii
2038 3432 2298 3500 Vaticani,
2332 3433 2561 3502 quinque
2597 3431 2655 3487 in

528 3529 852 3587 bibliotheca
898 3532 1161 3587 Vaticana
1214 3529 1406 3591 (Codd.
1457 3531 1616 3582 3797.
1664 3530 1818 3581 4579.
1867 3528 2019 3581 4906.
2055 3529 2207 3578 4907.
2246 3527 2439 3598 5638),
2490 3541 2653 3581 unum

529 3628 947 3682 vallicellianum
968 3625 1124 3693 (Cod.
1148 3626 1206 3681 C.
1234 3626 1343 3695 17),
1360 3625 1602 3680 Venetiis
1636 3641 1800 3679 unum
1832 3625 1890 3678 in
1921 3622 2247 3678 bibliotheca
2280 3623 2454 3677 sancti
2483 3621 2654 3676 Marci

498 3769 501 3772 ,
530 3724 700 3793 (App,
738 3723 816 3779 Cl.
854 3724 949 3779 111.
987 3724 1098 3788 19).
1167 3721 1361 3777 Omnes
1393 3721 1451 3775 hi
1482 3721 1608 3776 libri
1639 3720 1953 3777 recentioris
1986 3726 2113 3776 sunt
2145 3718 2354 3788 aetatis,
2386 3733 2495 3772 non
2528 3721 2655 3772 ante

534 3835 675 3875 saec.
713 3818 859 3873 XVI.
896 3819 982 3874 vel
1013 3817 1188 3874 XVII.
1225 3816 1471 3872 confecti.

429 3922 489 3987 2)
536 3913 630 3970 Nr.
652 3918 770 3966 952.
807 3915 887 3970 Cf.
910 3914 1202 3982 Catalogue
1236 3912 1453 3982 general
1485 3910 1580 3966 des
1615 3909 1933 3965 manuscrits
1966 3907 2249 3979 publiques
2276 3906 2371 3962 des
2407 3905 2655 3975 departe-

533 4019 706 4068 ments
741 4012 922 4081 publie
955 4025 1081 4065 sous
1115 4009 1195 4064 les
1229 4008 1480 4077 auspices
1515 4006 1588 4062 du
1616 4006 1858 4062 ministre
1895 4003 1963 4059 de
1997 4002 2352 4059 l’instruction
2380 4002 2651 4072 publique.

531 4108 684 4176 Paris
722 4107 871 4158 1856.
944 4104 1008 4158 Τ.
1043 4105 1113 4159 11.
1150 4122 1205 4174 p.
1243 4104 1362 4155 392.

430 4203 490 4272 3)
533 4197 684 4271 Quae
734 4199 804 4255 ad
838 4199 1036 4255 calcem
1088 4215 1175 4269 ep.
1220 4201 1286 4250 12
1319 4198 1440 4253 libri
1470 4196 1569 4252 m.
1606 4196 1846 4251 Mansius
1895 4200 2146 4263 tanquam
2195 4208 2335 4247 nova
2392 4207 2459 4246 ex
2495 4190 2657 4247 Muti·

532 4299 684 4355 nensi
716 4294 1140 4364 communicavit,
1182 4293 1404 4350 totidem
1437 4292 1616 4349 verbis
1660 4292 1760 4349 sub
1799 4289 1960 4346 finem
2004 4289 2159 4358 epist.
2199 4288 2232 4339 9
2268 4285 2504 4343 eiusdem
2536 4285 2657 4342 libri

533 4394 800 4463 leguntur.
