3178 5113
1518 393 1947 458 „30ss

594 571 804 631 strum
845 565 951 629 ille
992 563 1344 642 exhiberet,
1388 584 1533 628 cum
1569 561 1929 631 Deusdedit
1974 562 2320 628 cardinalis
2363 564 2426 627 in
2476 562 2888 627 collectione

596 698 713 741 sua
759 677 1079 741 canon'um
1123 675 1347 740 laudet
1392 697 1489 759 ep.
1539 681 1621 743 70
1667 681 1734 740 et
1782 680 1860 739 75
1907 696 1986 739 ex
2031 676 2305 758 septimo
2351 674 2548 752 libro,
2613 675 2732 757 qui
2801 676 2886 739 in

599 790 910 854 Vaticano
957 809 1156 871 supra
1201 808 1297 870 ep.
1347 792 1428 852 28
1473 809 1606 852 non
1651 787 2084 871 progreditur.
2175 790 2260 851 At
2303 786 2444 852 fieri
2502 787 2743 869 potuit,
2795 792 2886 850 ut

597 900 952 965 Deusdedit
975 921 1262 965 errorem
1305 900 1584 982 aliquem
1630 901 1696 963 in
1738 901 2024 964 numeris
2062 899 2424 964 indicandis
2459 900 2880 964 admitteret.

597 1014 694 1077 Sit
740 1034 891 1096 ergo
937 1013 1188 1095 integer
1238 1012 1611 1090 vaticanae,
1657 1012 1800 1076 aliis
1845 1017 2062 1076 tamen
2088 1013 2258 1076 vitiis
2304 1013 2510 1095 iisque
2556 1012 2882 1094 gravissi-

594 1127 714 1189 mis
761 1129 938 1189 certe
975 1123 1287 1189 abundat.
1367 1123 1532 1188 Nam
1577 1146 1619 1188 a
1663 1123 1973 1207 pluribus,
2021 1129 2096 1187 ut
2139 1125 2347 1206 primo
2395 1124 2628 1189 obtutu
2653 1128 2878 1207 patet,

595 1241 901 1301 exaratus
950 1242 1050 1302 est
1090 1235 1405 1315 librariiS,
1475 1236 1772 1301 Bantinis
1799 1238 1843 1320 ¹)
1914 1237 2037 1301 nisi
2090 1235 2282 1300 fallor
2343 1236 2702 1314 monachis,
2754 1236 2879 1318 qui

594 1370 804 1432 neque
851 1348 1079 1413 eadem
1125 1352 1267 1425 arte
1315 1368 1523 1429 neque
1570 1350 1713 1431 pari
1760 1348 2096 1432 diligentia
2121 1349 2444 1414 scribendi
2484 1347 2876 1416 utebantur.

595 1462 802 1539 Quam
864 1460 947 1525 ob
1007 1481 1269 1525 causam
1328 1460 1456 1524 alia
1517 1461 1678 1525 satis
1740 1462 2111 1545 emendata,
2180 1462 2308 1526 alia
2370 1460 2875 1526 mendosissime

604 1575 849 1656 scripta
893 1577 1063 1652 sunt,
1110 1592 1317 1655 neque
1364 1572 1831 1656 orthographia
1872 1574 1990 1638 sibi
2031 1579 2310 1654 constat,
2359 1580 2555 1657 atque
2596 1571 2755 1637 alibi
2802 1574 2872 1637 in

603 1687 746 1752 aliis
793 1685 1175 1750 offendimus
1220 1685 1445 1748 vitiis..
1535 1684 1651 1748 Vel
1719 1685 1896 1768 ipsos
1963 1686 2264 1751 librarios
2310 1706 2719 1769 nequaquam
2765 1685 2872 1750 fu-

604 1800 772 1882 gisse
817 1789 1090 1877 videtur,
1138 1817 1331 1880 quam
1377 1817 1571 1878 saepe
1616 1799 1683 1861 in
1726 1819 1992 1863 munere
2037 1799 2205 1881 lapsi
2242 1803 2478 1878 essent,
2528 1819 2667 1862 cum
2715 1818 2870 1880 per-

603 1912 809 1976 multa
850 1910 917 1974 in
960 1908 1147 1990 libro,
1195 1930 1384 1991 quem
1431 1908 1881 2000 confecerunt,
1940 1916 2055 1975 aut
2101 1916 2429 1994 expuncta
2473 1914 2588 1975 aut
2634 1930 2870 1992 supra-

605 2024 850 2106 scripta
893 2029 1008 2087 aut
1052 2022 1180 2086 alia
1224 2022 1478 2087 ratione
1525 2028 1824 2087 correcta
1868 2023 2216 2088 videamus.
2344 2023 2549 2086 Multa
2605 2021 2869 2104 quidem

607 2138 699 2201 sic
744 2137 870 2218 ipsi
898 2135 1043 2228 *iam
1083 2140 1524 2214 correxerunt,
1574 2135 1691 2199 sed
1715 2157 1847 2199 non
1892 2140 2103 2218 pauca
2145 2136 2397 2200 intacta
2440 2135 2866 2217 reliquerunt,

612 2268 780 2330 quae
823 2246 1275 2311 emendatione
1319 2268 1449 2310 non
1486 2248 1697 2311 minus
1742 2247 2128 2329 indigerent.
2202 2247 2414 2324 Quare
2452 2245 2777 2312 Caraffam
2801 2254 2867 2312 et

604 2359 918 2438 editoreS,
985 2358 1096 2439 qui
1154 2377 1299 2421 eum
1358 2359 1617 2439 sequuti
1664 2363 1845 2437 sunt,
1917 2361 2161 2441 optimo
2206 2361 2346 2424 iure
2395 2381 2860 2443 saepenumero

606 2472 845 2537 codicis
889 2470 1233 2533 lectionem
1277 2476 1564 2533 mutasse
1612 2492 1810 2553 supra
1851 2471 2001 2535 dixi.
2101 2471 2325 2554 Neque
2372 2471 2455 2536 ob
2502 2472 2664 2535 alias
2713 2494 2856 2537 cau·

606 2605 714 2650 sas
730 2583 1240 2667 reprehensione
1284 2583 1437 2646 mihi
1482 2583 1657 2666 digni
1681 2584 1999 2664 videntur,
2047 2607 2241 2667 quam
2279 2584 2452 2668 quod
2473 2585 2668 2649 modo
2696 2587 2839 2669 opti·

604 2719 746 2763 mas
793 2694 1034 2778 codicis
1076 2695 1390 2759 lectiones
1458 2701 1701 2761 temere
1767 2697 2312 2779 repudiaverunt,
2377 2696 2571 2761 modo
2641 2719 2834 2790 corru-

606 2815 757 2898 ptos
800 2798 1000 2886 locOS,
1044 2827 1127 2871 ne
1167 2807 1453 2889 periculo
1500 2810 1762 2891 quidam
1804 2809 2271 2874 emendationis
2316 2809 2522 2890 facto,
2585 2832 2706 2893 pro
2772 2813 2854 2876 in—

610 2919 934 3004 corruptis
989 2918 1502 2984 venditaverunt.
1627 2921 1856 3003 Itaque
1923 2943 2050 2992 non
2113 2924 2273 2987 satis
2330 2928 2433 2987 est
2476 2922 2863 2989 Vaticanum

607 3056 804 3117 quam
847 3032 1332 3124 accuratissime
1376 3032 1764 3113 describere,
1812 3034 1927 3098 sed
1972 3034 2192 3098 danda
2213 3033 2468 3098 edituro
2496 3055 2697 3117 opera
2743 3042 2869 3118 est,

608 3154 683 3211 ut
727 3146 1072 3211 lectionem
1118 3146 1254 3209 eius
1300 3151 1480 3210 certa
1524 3146 1628 3210 via
1669 3151 1737 3211 et
1781 3148 2032 3210 ratione
2078 3147 2357 3229 castiget
2402 3148 2663 3230 suisque
2710 3168 2873 3214 con-

595 3259 864 3323 iecturis
903 3255 1100 3322 verba
1146 3256 1441 3339 Gregorii
1481 3259 1547 3321 in
1583 3260 1908 3341 integrum
1952 3259 2276 3323 restituat.

767 3370 1060 3449 Errores,
1109 3390 1271 3452 quos
1295 3371 1362 3434 in
1391 3370 2291 3453 VaticanodeprehendimuS,
2337 3393 2480 3439 meo
2512 3370 2749 3437 iudicio
2794 3374 2875 3440 in

597 3488 880 3566 quatuor
910 3483 1187 3547 'omnino
1227 3502 1466 3564 genera
1510 3482 1792 3546 describi
1857 3490 2151 3568 possunt.
2244 3485 2531 3549 Primum
2599 3479 2870 3562 quidem

597 3615 1063 3678 saepenumero
1110 3595 1604 3659 terminationes
1651 3595 1993 3661 verborum
2039 3598 2347 3663 confusae
2395 3599 2566 3658 sunt.
2656 3591 2860 3659 Prae-

598 3710 822 3773 sertim
889 3713 1114 3771 notam
1179 3707 1438 3771 litterae
1497 3726 1560 3767 m
1644 3709 1919 3774 omissae
1972 3710 2220 3773 librarii
2276 3724 2619 3787 perperam
2674 3705 2859 3772 adhi-

636 4009 691 4069 1)
727 4004 1110 4059 Monasterium
1144 4003 1442 4069 Bantinum,
1477 4002 1533 4055 in
1568 4002 1765 4071 Apulia
1801 4003 1976 4070 situm,
2013 3998 2144 4067 ipsis
2166 3997 2409 4067 Gregorii
2444 4000 2561 4054 VII.
2590 4001 2855 4070 tempori-

736 4101 835 4154 bus
871 4098 1142 4153 conditum
1190 4114 1327 4153 anno
1369 4099 1497 4149 1075
1538 4097 1606 4151 ab
1653 4098 1754 4153 hoc
1789 4112 1932 4166 papa
1970 4094 2278 4162 impetravit
2321 4095 2679 4165 privilegium,
2713 4096 2851 4165 quod

740 4192 911 4247 codici
942 4191 1201 4247 Vaticano
1254 4191 1550 4261 praefixum
1599 4200 1696 4248 est.
1786 4192 2114 4247 consecrata
2160 4196 2242 4245 est
2284 4190 2512 4245 ecclesia
2545 4192 2846 4246 monasterii

735 4296 875 4343 anno
916 4288 1056 4339 1093.
1084 4288 1151 4343 ab
1188 4288 1403 4344 Urbano
1438 4288 1510 4342 11.
1584 4287 1664 4342 cf.
1700 4286 1841 4342 Jaffe
1876 4286 2008 4355 Reg.
2045 4303 2100 4355 p.
2137 4290 2254 4341 417.
2296 4287 2412 4338 457.
