<?xml version="1.0" encoding="UTF-8"?>
<!DOCTYPE html PUBLIC "-//W3C//DTD XHTML 1.0 Transitional//EN"
    "http://www.w3.org/TR/xhtml1/DTD/xhtml1-transitional.dtd">
<html xmlns="http://www.w3.org/1999/xhtml" xml:lang="en" lang="en">
 <head>
  <title>
</title>
<meta http-equiv="Content-Type" content="text/html;charset=utf-8" />
  <meta name='ocr-system' content='tesseract 3.04.00' />
  <meta name='ocr-capabilities' content='ocr_page ocr_carea ocr_par ocr_line ocrx_word'/>
</head>
<body>
  <div class='ocr_page' id='page_1' title='image "./degregoriiviire01giesgoog_0013.png"; bbox 0 0 3178 5113; ppageno 0'>
   <div class='ocr_carea' id='block_1_1' title="bbox 1332 470 1719 549">
    <p class='ocr_par' dir='ltr' id='par_1_1' title="bbox 1332 470 1719 549">
     <span class='ocr_line' id='line_1_1' title="bbox 1332 470 1719 549; baseline 0.003 -33"><span class='ocrx_word' id='word_1_1' title='bbox 1332 470 1543 549; x_wconf 79' lang='lat'><strong>-.⁷</strong></span> <span class='ocrx_word' id='word_1_2' title='bbox 1633 506 1719 517; x_wconf 87' lang='grc'><strong>-.</strong></span> 
     </span>
    </p>
   </div>
   <div class='ocr_carea' id='block_1_2' title="bbox 393 637 2651 2415">
    <p class='ocr_par' dir='ltr' id='par_1_2' title="bbox 393 637 2651 2415">
     <span class='ocr_line' id='line_1_2' title="bbox 395 637 2647 729; baseline -0.001 -20"><span class='ocrx_word' id='word_1_3' title='bbox 395 643 583 729; x_wconf 86' lang='lat' dir='ltr'><strong>quius</strong></span> <span class='ocrx_word' id='word_1_4' title='bbox 624 637 947 708; x_wconf 80' lang='lat' dir='ltr'><strong>habebam</strong></span> <span class='ocrx_word' id='word_1_5' title='bbox 961 690 976 721; x_wconf 90' lang='lat'><strong>,</strong></span> <span class='ocrx_word' id='word_1_6' title='bbox 1044 660 1237 724; x_wconf 90' lang='lat' dir='ltr'><strong>quam</strong></span> <span class='ocrx_word' id='word_1_7' title='bbox 1280 644 1358 705; x_wconf 89' lang='lat' dir='ltr'><strong>ut</strong></span> <span class='ocrx_word' id='word_1_8' title='bbox 1401 639 2040 723; x_wconf 86' lang='lat' dir='ltr'><strong>praestantissimum</strong></span> <span class='ocrx_word' id='word_1_9' title='bbox 2079 639 2318 706; x_wconf 90' lang='lat' dir='ltr'><strong>librum</strong></span> <span class='ocrx_word' id='word_1_10' title='bbox 2359 643 2497 706; x_wconf 91' lang='lat' dir='ltr'><strong>tam</strong></span> <span class='ocrx_word' id='word_1_11' title='bbox 2541 662 2647 706; x_wconf 90' lang='lat' dir='ltr'><strong>ac-</strong></span> 
     </span>
     <span class='ocr_line' id='line_1_3' title="bbox 396 752 2646 839; baseline -0.001 -18"><span class='ocrx_word' id='word_1_12' title='bbox 396 758 641 838; x_wconf 90' lang='lat' dir='ltr'><strong>curate,</strong></span> <span class='ocrx_word' id='word_1_13' title='bbox 678 774 873 839; x_wconf 86' lang='lat' dir='ltr'><strong>quam</strong></span> <span class='ocrx_word' id='word_1_14' title='bbox 893 772 1010 837; x_wconf 90' lang='lat' dir='ltr'><strong>per</strong></span> <span class='ocrx_word' id='word_1_15' title='bbox 1033 752 1344 835; x_wconf 90' lang='lat' dir='ltr'><strong>temporis</strong></span> <span class='ocrx_word' id='word_1_16' title='bbox 1368 754 1704 837; x_wconf 86' lang='lat' dir='ltr'><strong>angustias</strong></span> <span class='ocrx_word' id='word_1_17' title='bbox 1726 752 1868 819; x_wconf 88' lang='lat' dir='ltr'><strong>fieri</strong></span> <span class='ocrx_word' id='word_1_18' title='bbox 1887 757 2131 837; x_wconf 89' lang='lat' dir='ltr'><strong>posset,</strong></span> <span class='ocrx_word' id='word_1_19' title='bbox 2176 757 2646 837; x_wconf 81' lang='lat' dir='ltr'><strong>perscrutarer.</strong></span> 
     </span>
     <span class='ocr_line' id='line_1_4' title="bbox 396 866 2648 951; baseline -0 -16"><span class='ocrx_word' id='word_1_20' title='bbox 396 867 685 951; x_wconf 86' lang='lat' dir='ltr'><strong>Contigit</strong></span> <span class='ocrx_word' id='word_1_21' title='bbox 724 866 894 947; x_wconf 89' lang='lat' dir='ltr'><strong>mihi,</strong></span> <span class='ocrx_word' id='word_1_22' title='bbox 938 868 1031 946; x_wconf 93' lang='lat' dir='ltr'><strong>ut,</strong></span> <span class='ocrx_word' id='word_1_23' title='bbox 1077 885 1499 949; x_wconf 87' lang='lat' dir='ltr'><strong>quaecunque</strong></span> <span class='ocrx_word' id='word_1_24' title='bbox 1544 886 1586 931; x_wconf 89' lang='lat' dir='ltr'><strong>a</strong></span> <span class='ocrx_word' id='word_1_25' title='bbox 1627 866 1879 950; x_wconf 82' lang='lat' dir='ltr'><strong>vulgari</strong></span> <span class='ocrx_word' id='word_1_26' title='bbox 1916 867 2293 932; x_wconf 67' lang='lat' dir='ltr'><strong>recensione</strong></span> <span class='ocrx_word' id='word_1_27' title='bbox 2341 866 2648 934; x_wconf 86' lang='lat' dir='ltr'><strong>recedere</strong></span> 
     </span>
     <span class='ocr_line' id='line_1_5' title="bbox 396 976 2650 1066; baseline 0 -19"><span class='ocrx_word' id='word_1_28' title='bbox 396 999 838 1066; x_wconf 85' lang='lat' dir='ltr'><strong>cognoveram,</strong></span> <span class='ocrx_word' id='word_1_29' title='bbox 881 978 950 1043; x_wconf 94' lang='lat' dir='ltr'><strong>in</strong></span> <span class='ocrx_word' id='word_1_30' title='bbox 970 977 1253 1061; x_wconf 88' lang='lat' dir='ltr'><strong>Registri</strong></span> <span class='ocrx_word' id='word_1_31' title='bbox 1288 976 1655 1058; x_wconf 82' lang='lat' dir='ltr'><strong>editionem,</strong></span> <span class='ocrx_word' id='word_1_32' title='bbox 1697 998 1863 1062; x_wconf 90' lang='lat' dir='ltr'><strong>quae</strong></span> <span class='ocrx_word' id='word_1_33' title='bbox 1897 978 2052 1042; x_wconf 90' lang='lat' dir='ltr'><strong>mihi</strong></span> <span class='ocrx_word' id='word_1_34' title='bbox 2086 981 2243 1044; x_wconf 88' lang='lat' dir='ltr'><strong>tunc</strong></span> <span class='ocrx_word' id='word_1_35' title='bbox 2281 978 2367 1045; x_wconf 91' lang='lat' dir='ltr'><strong>ad</strong></span> <span class='ocrx_word' id='word_1_36' title='bbox 2388 1001 2650 1047; x_wconf 89' lang='lat' dir='ltr'><strong>manum</strong></span> 
     </span>
     <span class='ocr_line' id='line_1_6' title="bbox 398 1089 2648 1172; baseline 0 -14"><span class='ocrx_word' id='word_1_37' title='bbox 398 1097 561 1172; x_wconf 88' lang='lat' dir='ltr'><strong>erat,</strong></span> <span class='ocrx_word' id='word_1_38' title='bbox 605 1091 689 1158; x_wconf 92' lang='lat' dir='ltr'><strong>ad</strong></span> <span class='ocrx_word' id='word_1_39' title='bbox 727 1091 1015 1157; x_wconf 78' lang='lat' dir='ltr'><strong>litteram</strong></span> <span class='ocrx_word' id='word_1_40' title='bbox 1054 1089 1379 1156; x_wconf 83' lang='lat' dir='ltr'><strong>referrem.</strong></span> <span class='ocrx_word' id='word_1_41' title='bbox 1468 1089 1609 1167; x_wconf 85' lang='lat' dir='ltr'><strong>Quo</strong></span> <span class='ocrx_word' id='word_1_42' title='bbox 1653 1089 1827 1157; x_wconf 88' lang='lat' dir='ltr'><strong>facto</strong></span> <span class='ocrx_word' id='word_1_43' title='bbox 1872 1111 2122 1156; x_wconf 87' lang='lat' dir='ltr'><strong>mecum</strong></span> <span class='ocrx_word' id='word_1_44' title='bbox 2168 1092 2372 1157; x_wconf 89' lang='lat' dir='ltr'><strong>statui</strong></span> <span class='ocrx_word' id='word_1_45' title='bbox 2415 1114 2648 1159; x_wconf 86' lang='lat' dir='ltr'><strong>novam</strong></span> 
     </span>
     <span class='ocr_line' id='line_1_7' title="bbox 397 1203 2648 1288; baseline 0 -18"><span class='ocrx_word' id='word_1_46' title='bbox 397 1204 761 1284; x_wconf 80' lang='lat' dir='ltr'><strong>editionem,</strong></span> <span class='ocrx_word' id='word_1_47' title='bbox 806 1203 919 1269; x_wconf 93' lang='lat' dir='ltr'><strong>ubi</strong></span> <span class='ocrx_word' id='word_1_48' title='bbox 960 1204 1237 1288; x_wconf 90' lang='lat' dir='ltr'><strong>primum</strong></span> <span class='ocrx_word' id='word_1_49' title='bbox 1281 1203 1681 1288; x_wconf 83' lang='lat' dir='ltr'><strong>aliquantum</strong></span> <span class='ocrx_word' id='word_1_50' title='bbox 1728 1204 1845 1269; x_wconf 93' lang='lat' dir='ltr'><strong>otii</strong></span> <span class='ocrx_word' id='word_1_51' title='bbox 1902 1208 2136 1269; x_wconf 87' lang='lat' dir='ltr'><strong>nactus</strong></span> <span class='ocrx_word' id='word_1_52' title='bbox 2182 1224 2409 1285; x_wconf 91' lang='lat' dir='ltr'><strong>essem,</strong></span> <span class='ocrx_word' id='word_1_53' title='bbox 2457 1205 2648 1271; x_wconf 90' lang='lat' dir='ltr'><strong>ador-</strong></span> 
     </span>
     <span class='ocr_line' id='line_1_8' title="bbox 394 1316 2647 1401; baseline -0 -16"><span class='ocrx_word' id='word_1_54' title='bbox 394 1339 581 1398; x_wconf 89' lang='lat' dir='ltr'><strong>nare,</strong></span> <span class='ocrx_word' id='word_1_55' title='bbox 649 1316 765 1383; x_wconf 86' lang='lat' dir='ltr'><strong>sed</strong></span> <span class='ocrx_word' id='word_1_56' title='bbox 829 1321 957 1399; x_wconf 51' lang='lat' dir='ltr'><strong>totv</strong></span> <span class='ocrx_word' id='word_1_57' title='bbox 998 1317 1331 1401; x_wconf 90' lang='lat' dir='ltr'><strong>tantisque</strong></span> <span class='ocrx_word' id='word_1_58' title='bbox 1399 1317 1569 1382; x_wconf 88' lang='lat' dir='ltr'><strong>curis</strong></span> <span class='ocrx_word' id='word_1_59' title='bbox 1617 1316 1685 1381; x_wconf 90' lang='lat' dir='ltr'><strong>et</strong></span> <span class='ocrx_word' id='word_1_60' title='bbox 1752 1316 2158 1383; x_wconf 78' lang='lat' dir='ltr'><strong>scholasticis</strong></span> <span class='ocrx_word' id='word_1_61' title='bbox 2200 1321 2268 1382; x_wconf 93' lang='lat' dir='ltr'><strong>et</strong></span> <span class='ocrx_word' id='word_1_62' title='bbox 2308 1317 2647 1384; x_wconf 90' lang='lat' dir='ltr'><strong>litterariis</strong></span> 
     </span>
     <span class='ocr_line' id='line_1_9' title="bbox 398 1427 2647 1523; baseline -0 -26"><span class='ocrx_word' id='word_1_63' title='bbox 398 1434 714 1514; x_wconf 91' lang='lat' dir='ltr'><strong>occupato</strong></span> <span class='ocrx_word' id='word_1_64' title='bbox 758 1429 915 1494; x_wconf 93' lang='lat' dir='ltr'><strong>mihi</strong></span> <span class='ocrx_word' id='word_1_65' title='bbox 975 1427 1043 1494; x_wconf 93' lang='lat' dir='ltr'><strong>id</strong></span> <span class='ocrx_word' id='word_1_66' title='bbox 1098 1429 1432 1495; x_wconf 91' lang='lat' dir='ltr'><strong>consilium</strong></span> <span class='ocrx_word' id='word_1_67' title='bbox 1484 1430 1552 1495; x_wconf 92' lang='lat' dir='ltr'><strong>in</strong></span> <span class='ocrx_word' id='word_1_68' title='bbox 1594 1429 1858 1512; x_wconf 87' lang='lat' dir='ltr'><strong>longum</strong></span> <span class='ocrx_word' id='word_1_69' title='bbox 1911 1431 2166 1512; x_wconf 90' lang='lat' dir='ltr'><strong>tempus</strong></span> <span class='ocrx_word' id='word_1_70' title='bbox 2222 1427 2647 1523; x_wconf 89' lang='lat' dir='ltr'><strong>differendum</strong></span> 
     </span>
     <span class='ocr_line' id='line_1_10' title="bbox 394 1540 2645 1627; baseline 0 -18"><span class='ocrx_word' id='word_1_71' title='bbox 394 1543 535 1624; x_wconf 83' lang='lat' dir='ltr'><strong>fuit,</strong></span> <span class='ocrx_word' id='word_1_72' title='bbox 578 1562 790 1627; x_wconf 89' lang='lat' dir='ltr'><strong>neque</strong></span> <span class='ocrx_word' id='word_1_73' title='bbox 833 1563 1005 1608; x_wconf 89' lang='lat' dir='ltr'><strong>nunc</strong></span> <span class='ocrx_word' id='word_1_74' title='bbox 1050 1542 1204 1624; x_wconf 86' lang='lat' dir='ltr'><strong>sci0,</strong></span> <span class='ocrx_word' id='word_1_75' title='bbox 1248 1541 1506 1626; x_wconf 90' lang='lat' dir='ltr'><strong>quando</strong></span> <span class='ocrx_word' id='word_1_76' title='bbox 1551 1541 1638 1607; x_wconf 88' lang='lat' dir='ltr'><strong>ad</strong></span> <span class='ocrx_word' id='word_1_77' title='bbox 1683 1540 1981 1607; x_wconf 89' lang='lat' dir='ltr'><strong>effectum</strong></span> <span class='ocrx_word' id='word_1_78' title='bbox 2024 1540 2460 1625; x_wconf 86' lang='lat' dir='ltr'><strong>perducturus</strong></span> <span class='ocrx_word' id='word_1_79' title='bbox 2507 1544 2645 1609; x_wconf 89' lang='lat' dir='ltr'><strong>sim.</strong></span> 
     </span>
     <span class='ocr_line' id='line_1_11' title="bbox 393 1653 2648 1740; baseline -0.001 -17"><span class='ocrx_word' id='word_1_80' title='bbox 393 1656 485 1723; x_wconf 87' lang='lat' dir='ltr'><strong>Ut</strong></span> <span class='ocrx_word' id='word_1_81' title='bbox 525 1677 679 1723; x_wconf 80' lang='lat' dir='ltr'><strong>vero</strong></span> <span class='ocrx_word' id='word_1_82' title='bbox 727 1676 807 1721; x_wconf 87' lang='lat' dir='ltr'><strong>ex</strong></span> <span class='ocrx_word' id='word_1_83' title='bbox 851 1655 1107 1736; x_wconf 92' lang='lat' dir='ltr'><strong>notitia,</strong></span> <span class='ocrx_word' id='word_1_84' title='bbox 1153 1675 1320 1739; x_wconf 86' lang='lat' dir='ltr'><strong>quae</strong></span> <span class='ocrx_word' id='word_1_85' title='bbox 1359 1654 1514 1719; x_wconf 89' lang='lat' dir='ltr'><strong>mihi</strong></span> <span class='ocrx_word' id='word_1_86' title='bbox 1551 1654 1845 1733; x_wconf 84' lang='lat' dir='ltr'><strong>obvenit,</strong></span> <span class='ocrx_word' id='word_1_87' title='bbox 1912 1653 2023 1719; x_wconf 90' lang='lat' dir='ltr'><strong>alii</strong></span> <span class='ocrx_word' id='word_1_88' title='bbox 2066 1674 2323 1738; x_wconf 86' lang='lat' dir='ltr'><strong>quoque</strong></span> <span class='ocrx_word' id='word_1_89' title='bbox 2368 1656 2648 1740; x_wconf 85' lang='lat' dir='ltr'><strong>aliquem</strong></span> 
     </span>
     <span class='ocr_line' id='line_1_12' title="bbox 393 1765 2647 1852; baseline -0 -18"><span class='ocrx_word' id='word_1_90' title='bbox 393 1768 680 1835; x_wconf 86' lang='lat' dir='ltr'><strong>fructum</strong></span> <span class='ocrx_word' id='word_1_91' title='bbox 721 1768 1058 1852; x_wconf 87' lang='lat' dir='ltr'><strong>percipere</strong></span> <span class='ocrx_word' id='word_1_92' title='bbox 1101 1771 1391 1850; x_wconf 88' lang='lat' dir='ltr'><strong>possent,</strong></span> <span class='ocrx_word' id='word_1_93' title='bbox 1436 1770 1707 1851; x_wconf 90' lang='lat' dir='ltr'><strong>petente</strong></span> <span class='ocrx_word' id='word_1_94' title='bbox 1750 1765 2044 1851; x_wconf 91' lang='lat' dir='ltr'><strong>Philippo</strong></span> <span class='ocrx_word' id='word_1_95' title='bbox 2067 1766 2231 1833; x_wconf 64' lang='lat' dir='ltr'><strong>Jaffe</strong></span> <span class='ocrx_word' id='word_1_96' title='bbox 2272 1767 2347 1832; x_wconf 89' lang='lat' dir='ltr'><strong>V.</strong></span> <span class='ocrx_word' id='word_1_97' title='bbox 2395 1766 2486 1833; x_wconf 87' lang='lat' dir='ltr'><strong>Cl.</strong></span> <span class='ocrx_word' id='word_1_98' title='bbox 2533 1767 2647 1833; x_wconf 88' lang='lat' dir='ltr'><strong>ab·</strong></span> 
     </span>
     <span class='ocr_line' id='line_1_13' title="bbox 396 1861 2648 1964; baseline -0 -17"><span class='ocrx_word' id='word_1_99' title='bbox 396 1880 546 1947; x_wconf 86' lang='lat' dir='ltr'><strong>hine</strong></span> <span class='ocrx_word' id='word_1_100' title='bbox 592 1883 840 1964; x_wconf 87' lang='lat' dir='ltr'><strong>septem</strong></span> <span class='ocrx_word' id='word_1_101' title='bbox 883 1901 1090 1946; x_wconf 88' lang='lat' dir='ltr'><strong>annos</strong></span> <span class='ocrx_word' id='word_1_102' title='bbox 1137 1880 1738 1946; x_wconf 87' lang='lat' dir='ltr'><strong>commentariolum</strong></span> <span class='ocrx_word' id='word_1_103' title='bbox 1780 1880 2034 1963; x_wconf 89' lang='lat' dir='ltr'><strong>scripsi,</strong></span> <span class='ocrx_word' id='word_1_104' title='bbox 2082 1900 2210 1964; x_wconf 90' lang='lat' dir='ltr'><strong>quo</strong></span> <span class='ocrx_word' id='word_1_105' title='bbox 2250 1861 2545 1946; x_wconf 92' lang='lat' dir='ltr'><strong>habitum</strong></span> <span class='ocrx_word' id='word_1_106' title='bbox 2582 1886 2648 1946; x_wconf 90' lang='lat' dir='ltr'><strong>et</strong></span> 
     </span>
     <span class='ocr_line' id='line_1_14' title="bbox 396 1990 2647 2076; baseline 0 -17"><span class='ocrx_word' id='word_1_107' title='bbox 396 1992 834 2059; x_wconf 90' lang='lat' dir='ltr'><strong>conditionem</strong></span> <span class='ocrx_word' id='word_1_108' title='bbox 881 1991 1120 2059; x_wconf 85' lang='lat' dir='ltr'><strong>codicis</strong></span> <span class='ocrx_word' id='word_1_109' title='bbox 1168 1991 1468 2058; x_wconf 88' lang='lat' dir='ltr'><strong>Vaticani</strong></span> <span class='ocrx_word' id='word_1_110' title='bbox 1518 1990 1903 2076; x_wconf 88' lang='lat' dir='ltr'><strong>explicando</strong></span> <span class='ocrx_word' id='word_1_111' title='bbox 1962 1991 2307 2058; x_wconf 89' lang='lat' dir='ltr'><strong>ostendere</strong></span> <span class='ocrx_word' id='word_1_112' title='bbox 2376 1998 2647 2060; x_wconf 89' lang='lat' dir='ltr'><strong>conatus</strong></span> 
     </span>
     <span class='ocr_line' id='line_1_15' title="bbox 396 2103 2648 2190; baseline 0 -19"><span class='ocrx_word' id='word_1_113' title='bbox 396 2126 559 2190; x_wconf 85' lang='lat' dir='ltr'><strong>sum,</strong></span> <span class='ocrx_word' id='word_1_114' title='bbox 604 2126 772 2190; x_wconf 85' lang='lat' dir='ltr'><strong>quae</strong></span> <span class='ocrx_word' id='word_1_115' title='bbox 809 2104 971 2171; x_wconf 90' lang='lat' dir='ltr'><strong>fides</strong></span> <span class='ocrx_word' id='word_1_116' title='bbox 1016 2104 1317 2188; x_wconf 90' lang='lat' dir='ltr'><strong>Registro</strong></span> <span class='ocrx_word' id='word_1_117' title='bbox 1361 2103 1665 2171; x_wconf 89' lang='lat' dir='ltr'><strong>habenda</strong></span> <span class='ocrx_word' id='word_1_118' title='bbox 1709 2108 1885 2169; x_wconf 90' lang='lat' dir='ltr'><strong>esset</strong></span> <span class='ocrx_word' id='word_1_119' title='bbox 1928 2109 1996 2170; x_wconf 91' lang='lat' dir='ltr'><strong>et</strong></span> <span class='ocrx_word' id='word_1_120' title='bbox 2039 2125 2168 2188; x_wconf 89' lang='lat' dir='ltr'><strong>qua</strong></span> <span class='ocrx_word' id='word_1_121' title='bbox 2209 2105 2464 2172; x_wconf 91' lang='lat' dir='ltr'><strong>ratione</strong></span> <span class='ocrx_word' id='word_1_122' title='bbox 2489 2106 2648 2171; x_wconf 91' lang='lat' dir='ltr'><strong>Gre-</strong></span> 
     </span>
     <span class='ocr_line' id='line_1_16' title="bbox 397 2215 2648 2301; baseline 0.001 -19"><span class='ocrx_word' id='word_1_123' title='bbox 397 2218 562 2301; x_wconf 87' lang='lat' dir='ltr'><strong>gorii</strong></span> <span class='ocrx_word' id='word_1_124' title='bbox 606 2217 919 2300; x_wconf 87' lang='lat' dir='ltr'><strong>epistolae</strong></span> <span class='ocrx_word' id='word_1_125' title='bbox 965 2215 1255 2301; x_wconf 85' lang='lat' dir='ltr'><strong>digestae</strong></span> <span class='ocrx_word' id='word_1_126' title='bbox 1297 2218 1454 2283; x_wconf 93' lang='lat' dir='ltr'><strong>mihi</strong></span> <span class='ocrx_word' id='word_1_127' title='bbox 1495 2217 1889 2283; x_wconf 86' lang='lat' dir='ltr'><strong>viderentur.</strong></span> <span class='ocrx_word' id='word_1_128' title='bbox 1992 2216 2152 2282; x_wconf 89' lang='lat' dir='ltr'><strong>Cum</strong></span> <span class='ocrx_word' id='word_1_129' title='bbox 2204 2239 2427 2284; x_wconf 91' lang='lat' dir='ltr'><strong>omnes</strong></span> <span class='ocrx_word' id='word_1_130' title='bbox 2474 2217 2648 2284; x_wconf 89' lang='lat' dir='ltr'><strong>codi-</strong></span> 
     </span>
     <span class='ocr_line' id='line_1_17' title="bbox 400 2328 2651 2415; baseline 0.002 -22"><span class='ocrx_word' id='word_1_131' title='bbox 400 2329 490 2394; x_wconf 91' lang='lat' dir='ltr'><strong>cis</strong></span> <span class='ocrx_word' id='word_1_132' title='bbox 533 2333 729 2394; x_wconf 90' lang='lat' dir='ltr'><strong>notas</strong></span> <span class='ocrx_word' id='word_1_133' title='bbox 747 2380 762 2409; x_wconf 90' lang='lat'><strong>,</strong></span> <span class='ocrx_word' id='word_1_134' title='bbox 829 2350 996 2413; x_wconf 88' lang='lat' dir='ltr'><strong>quae</strong></span> <span class='ocrx_word' id='word_1_135' title='bbox 1055 2335 1244 2395; x_wconf 89' lang='lat' dir='ltr'><strong>erant</strong></span> <span class='ocrx_word' id='word_1_136' title='bbox 1295 2331 1609 2415; x_wconf 93' lang='lat' dir='ltr'><strong>temporis</strong></span> <span class='ocrx_word' id='word_1_137' title='bbox 1661 2330 1889 2395; x_wconf 91' lang='lat' dir='ltr'><strong>melius</strong></span> <span class='ocrx_word' id='word_1_138' title='bbox 1946 2328 2319 2410; x_wconf 92' lang='lat' dir='ltr'><strong>definiendi,</strong></span> <span class='ocrx_word' id='word_1_139' title='bbox 2384 2336 2651 2415; x_wconf 89' lang='lat' dir='ltr'><strong>praeter</strong></span> 
     </span>
    </p>
   </div>
   <div class='ocr_carea' id='block_1_3' title="bbox 265 2441 2647 2526">
    <p class='ocr_par' dir='ltr' id='par_1_3' title="bbox 265 2441 2647 2526">
     <span class='ocr_line' id='line_1_18' title="bbox 265 2441 2647 2526; baseline 0.001 -20"><span class='ocrx_word' id='word_1_140' title='bbox 265 2476 270 2479; x_wconf 85' lang='lat'>-</span> <span class='ocrx_word' id='word_1_141' title='bbox 397 2462 538 2507; x_wconf 91' lang='lat' dir='ltr'><strong>eam</strong></span> <span class='ocrx_word' id='word_1_142' title='bbox 606 2443 1218 2508; x_wconf 86' lang='lat' dir='ltr'><strong>commentationem</strong></span> <span class='ocrx_word' id='word_1_143' title='bbox 1284 2465 1429 2508; x_wconf 92' lang='lat' dir='ltr'><strong>cum</strong></span> <span class='ocrx_word' id='word_1_144' title='bbox 1485 2442 1779 2526; x_wconf 91' lang='lat' dir='ltr'><strong>Philippo</strong></span> <span class='ocrx_word' id='word_1_145' title='bbox 1834 2441 1998 2509; x_wconf 69' lang='lat' dir='ltr'><strong>Jaffe</strong></span> <span class='ocrx_word' id='word_1_146' title='bbox 2058 2443 2647 2525; x_wconf 88' lang='lat' dir='ltr'><strong>communicassem,</strong></span> 
     </span>
    </p>
   </div>
   <div class='ocr_carea' id='block_1_4' title="bbox 307 2553 2649 3317">
    <p class='ocr_par' dir='ltr' id='par_1_4' title="bbox 307 2553 2649 3317">
     <span class='ocr_line' id='line_1_19' title="bbox 396 2553 2649 2646; baseline 0.001 -26"><span class='ocrx_word' id='word_1_147' title='bbox 396 2553 789 2624; x_wconf 85' lang='lat' dir='ltr'><strong>satisfecisse</strong></span> <span class='ocrx_word' id='word_1_148' title='bbox 834 2555 989 2621; x_wconf 92' lang='lat' dir='ltr'><strong>mihi</strong></span> <span class='ocrx_word' id='word_1_149' title='bbox 1028 2554 1299 2623; x_wconf 85' lang='lat' dir='ltr'><strong>videbar</strong></span> <span class='ocrx_word' id='word_1_150' title='bbox 1341 2558 1547 2623; x_wconf 91' lang='lat' dir='ltr'><strong>amico</strong></span> <span class='ocrx_word' id='word_1_151' title='bbox 1606 2556 2011 2646; x_wconf 83' lang='lat' dir='ltr'><strong>doctissimo,</strong></span> <span class='ocrx_word' id='word_1_152' title='bbox 2064 2559 2296 2640; x_wconf 91' lang='lat' dir='ltr'><strong>utpote</strong></span> <span class='ocrx_word' id='word_1_153' title='bbox 2341 2558 2452 2641; x_wconf 89' lang='lat' dir='ltr'><strong>qui</strong></span> <span class='ocrx_word' id='word_1_154' title='bbox 2493 2562 2649 2623; x_wconf 88' lang='lat' dir='ltr'><strong>tunc</strong></span> 
     </span>
     <span class='ocr_line' id='line_1_20' title="bbox 397 2653 2647 2755; baseline 0.001 -22"><span class='ocrx_word' id='word_1_155' title='bbox 397 2667 466 2734; x_wconf 91' lang='lat' dir='ltr'><strong>id</strong></span> <span class='ocrx_word' id='word_1_156' title='bbox 506 2669 912 2752; x_wconf 91' lang='lat' dir='ltr'><strong>potissimum</strong></span> <span class='ocrx_word' id='word_1_157' title='bbox 956 2673 1214 2753; x_wconf 88' lang='lat' dir='ltr'><strong>ageret,</strong></span> <span class='ocrx_word' id='word_1_158' title='bbox 1259 2674 1336 2734; x_wconf 93' lang='lat' dir='ltr'><strong>ut</strong></span> <span class='ocrx_word' id='word_1_159' title='bbox 1380 2668 1466 2735; x_wconf 90' lang='lat' dir='ltr'><strong>ad</strong></span> <span class='ocrx_word' id='word_1_160' title='bbox 1507 2670 1751 2735; x_wconf 92' lang='lat' dir='ltr'><strong>iustum</strong></span> <span class='ocrx_word' id='word_1_161' title='bbox 1793 2673 2158 2754; x_wconf 90' lang='lat' dir='ltr'><strong>temporum</strong></span> <span class='ocrx_word' id='word_1_162' title='bbox 2192 2668 2484 2735; x_wconf 89' lang='lat' dir='ltr'><strong>ordinem</strong></span> <span class='ocrx_word' id='word_1_163' title='bbox 2516 2653 2647 2755; x_wconf 86' lang='lat' dir='ltr'><strong>epi·</strong></span> 
     </span>
     <span class='ocr_line' id='line_1_21' title="bbox 307 2779 2648 2868; baseline 0.001 -22"><span class='ocrx_word' id='word_1_164' title='bbox 307 2861 314 2868; x_wconf 26' lang='lat'><strong><em>⁴</em></strong></span> <span class='ocrx_word' id='word_1_165' title='bbox 383 2779 605 2846; x_wconf 70' lang='lat' dir='ltr'><strong>¹stolas</strong></span> <span class='ocrx_word' id='word_1_166' title='bbox 650 2780 1086 2865; x_wconf 87' lang='lat' dir='ltr'><strong>Gregorianas</strong></span> <span class='ocrx_word' id='word_1_167' title='bbox 1132 2781 1528 2866; x_wconf 88' lang='lat' dir='ltr'><strong>disponeret.</strong></span> <span class='ocrx_word' id='word_1_168' title='bbox 1615 2781 1803 2848; x_wconf 89' lang='lat' dir='ltr'><strong>Nunc</strong></span> <span class='ocrx_word' id='word_1_169' title='bbox 1844 2802 1998 2847; x_wconf 86' lang='lat' dir='ltr'><strong>vero</strong></span> <span class='ocrx_word' id='word_1_170' title='bbox 2042 2782 2379 2848; x_wconf 87' lang='lat' dir='ltr'><strong>occasione</strong></span> <span class='ocrx_word' id='word_1_171' title='bbox 2425 2782 2648 2850; x_wconf 89' lang='lat' dir='ltr'><strong>oblata</strong></span> 
     </span>
     <span class='ocr_line' id='line_1_22' title="bbox 400 2891 2647 2979; baseline 0.003 -24"><span class='ocrx_word' id='word_1_172' title='bbox 400 2891 593 2956; x_wconf 87' lang='lat' dir='ltr'><strong>aliam</strong></span> <span class='ocrx_word' id='word_1_173' title='bbox 636 2894 1082 2975; x_wconf 85' lang='lat' dir='ltr'><strong>quaestionem</strong></span> <span class='ocrx_word' id='word_1_174' title='bbox 1132 2894 1476 2961; x_wconf 88' lang='lat' dir='ltr'><strong>instituere</strong></span> <span class='ocrx_word' id='word_1_175' title='bbox 1519 2895 1675 2961; x_wconf 90' lang='lat' dir='ltr'><strong>mihi</strong></span> <span class='ocrx_word' id='word_1_176' title='bbox 1725 2895 2055 2979; x_wconf 88' lang='lat' dir='ltr'><strong>proposui.</strong></span> <span class='ocrx_word' id='word_1_177' title='bbox 2181 2894 2647 2978; x_wconf 82' lang='lat' dir='ltr'><strong>Exponendum</strong></span> 
     </span>
     <span class='ocr_line' id='line_1_23' title="bbox 399 3002 2649 3092; baseline 0.003 -25"><span class='ocrx_word' id='word_1_178' title='bbox 399 3002 569 3068; x_wconf 88' lang='lat' dir='ltr'><strong>enim</strong></span> <span class='ocrx_word' id='word_1_179' title='bbox 611 3003 765 3068; x_wconf 85' lang='lat' dir='ltr'><strong>mihi</strong></span> <span class='ocrx_word' id='word_1_180' title='bbox 810 3004 962 3084; x_wconf 86' lang='lat' dir='ltr'><strong>erit,</strong></span> <span class='ocrx_word' id='word_1_181' title='bbox 1009 3005 1333 3088; x_wconf 86' lang='lat' dir='ltr'><strong>quomodo</strong></span> <span class='ocrx_word' id='word_1_182' title='bbox 1378 3007 1602 3074; x_wconf 89' lang='lat' dir='ltr'><strong>codice</strong></span> <span class='ocrx_word' id='word_1_183' title='bbox 1624 3008 1943 3075; x_wconf 88' lang='lat' dir='ltr'><strong>Vaticano</strong></span> <span class='ocrx_word' id='word_1_184' title='bbox 1967 3005 2257 3072; x_wconf 89' lang='lat' dir='ltr'><strong>adhibito</strong></span> <span class='ocrx_word' id='word_1_185' title='bbox 2280 3006 2649 3092; x_wconf 86' lang='lat' dir='ltr'><strong>Registrum</strong></span> 
     </span>
     <span class='ocr_line' id='line_1_24' title="bbox 389 3115 2633 3206; baseline 0.003 -26"><span class='ocrx_word' id='word_1_186' title='bbox 389 3115 681 3199; x_wconf 86' lang='lat' dir='ltr'><strong>plurimis</strong></span> <span class='ocrx_word' id='word_1_187' title='bbox 724 3115 975 3182; x_wconf 90' lang='lat' dir='ltr'><strong>mendis</strong></span> <span class='ocrx_word' id='word_1_188' title='bbox 990 3166 1005 3197; x_wconf 88' lang='lat'>‚</span> <span class='ocrx_word' id='word_1_189' title='bbox 1070 3117 1303 3202; x_wconf 89' lang='lat' dir='ltr'><strong>quibus</strong></span> <span class='ocrx_word' id='word_1_190' title='bbox 1349 3140 1571 3185; x_wconf 90' lang='lat' dir='ltr'><strong>omnes</strong></span> <span class='ocrx_word' id='word_1_191' title='bbox 1630 3118 1946 3186; x_wconf 88' lang='lat' dir='ltr'><strong>editiones</strong></span> <span class='ocrx_word' id='word_1_192' title='bbox 1992 3118 2347 3200; x_wconf 88' lang='lat' dir='ltr'><strong>abundant,</strong></span> <span class='ocrx_word' id='word_1_193' title='bbox 2397 3141 2633 3206; x_wconf 84' lang='lat' dir='ltr'><strong>expur-</strong></span> 
     </span>
     <span class='ocr_line' id='line_1_25' title="bbox 393 3228 2495 3317; baseline 0.002 -24"><span class='ocrx_word' id='word_1_194' title='bbox 393 3228 535 3312; x_wconf 87' lang='lat' dir='ltr'><strong>gari</strong></span> <span class='ocrx_word' id='word_1_195' title='bbox 577 3232 646 3295; x_wconf 90' lang='lat' dir='ltr'><strong>et</strong></span> <span class='ocrx_word' id='word_1_196' title='bbox 685 3229 833 3313; x_wconf 85' lang='lat' dir='ltr'><strong>ipsa</strong></span> <span class='ocrx_word' id='word_1_197' title='bbox 874 3228 1171 3315; x_wconf 89' lang='lat' dir='ltr'><strong>Gregorii</strong></span> <span class='ocrx_word' id='word_1_198' title='bbox 1213 3230 1414 3296; x_wconf 87' lang='lat' dir='ltr'><strong>verba</strong></span> <span class='ocrx_word' id='word_1_199' title='bbox 1453 3232 1523 3296; x_wconf 91' lang='lat' dir='ltr'><strong>in</strong></span> <span class='ocrx_word' id='word_1_200' title='bbox 1557 3232 1881 3317; x_wconf 90' lang='lat' dir='ltr'><strong>integrum</strong></span> <span class='ocrx_word' id='word_1_201' title='bbox 1924 3232 2185 3299; x_wconf 88' lang='lat' dir='ltr'><strong>restitui</strong></span> <span class='ocrx_word' id='word_1_202' title='bbox 2220 3234 2495 3317; x_wconf 91' lang='lat' dir='ltr'><strong>possint.</strong></span> 
     </span>
    </p>
   </div>
   <div class='ocr_carea' id='block_1_5' title="bbox 1470 3589 1569 3672">
    <p class='ocr_par' dir='ltr' id='par_1_5' title="bbox 1470 3589 1569 3672">
     <span class='ocr_line' id='line_1_26' title="bbox 1470 3589 1569 3672; baseline -0.01 0"><span class='ocrx_word' id='word_1_203' title='bbox 1470 3589 1569 3672; x_wconf 91' lang='grc' dir='ltr'><strong>Π.</strong></span> 
     </span>
    </p>
   </div>
   <div class='ocr_carea' id='block_1_6' title="bbox 387 3788 2644 4209">
    <p class='ocr_par' dir='ltr' id='par_1_6' title="bbox 387 3788 2644 4209">
     <span class='ocr_line' id='line_1_27' title="bbox 560 3788 2644 3875; baseline 0.001 -21"><span class='ocrx_word' id='word_1_204' title='bbox 560 3788 948 3874; x_wconf 88' lang='lat' dir='ltr'><strong>Priusquam</strong></span> <span class='ocrx_word' id='word_1_205' title='bbox 1004 3789 1090 3855; x_wconf 88' lang='lat' dir='ltr'><strong>ad</strong></span> <span class='ocrx_word' id='word_1_206' title='bbox 1149 3791 1359 3874; x_wconf 85' lang='lat' dir='ltr'><strong>ipsam</strong></span> <span class='ocrx_word' id='word_1_207' title='bbox 1414 3790 1932 3858; x_wconf 87' lang='lat' dir='ltr'><strong>emendationem</strong></span> <span class='ocrx_word' id='word_1_208' title='bbox 1996 3792 2279 3875; x_wconf 90' lang='lat' dir='ltr'><strong>Registri</strong></span> <span class='ocrx_word' id='word_1_209' title='bbox 2320 3790 2644 3872; x_wconf 84' lang='lat' dir='ltr'><strong>accedam,</strong></span> 
     </span>
     <span class='ocr_line' id='line_1_28' title="bbox 390 3900 2642 3990; baseline 0.003 -27"><span class='ocrx_word' id='word_1_210' title='bbox 390 3901 613 3981; x_wconf 88' lang='lat' dir='ltr'><strong>paucis</strong></span> <span class='ocrx_word' id='word_1_211' title='bbox 656 3900 869 3968; x_wconf 82' lang='lat' dir='ltr'><strong>verbis</strong></span> <span class='ocrx_word' id='word_1_212' title='bbox 918 3902 1357 3969; x_wconf 87' lang='lat' dir='ltr'><strong>demonstrem</strong></span> <span class='ocrx_word' id='word_1_213' title='bbox 1397 3925 1666 3970; x_wconf 89' lang='lat' dir='ltr'><strong>necesse</strong></span> <span class='ocrx_word' id='word_1_214' title='bbox 1712 3908 1831 3986; x_wconf 91' lang='lat' dir='ltr'><strong>est,</strong></span> <span class='ocrx_word' id='word_1_215' title='bbox 1878 3926 2008 3990; x_wconf 89' lang='lat' dir='ltr'><strong>qua</strong></span> <span class='ocrx_word' id='word_1_216' title='bbox 2059 3905 2316 3970; x_wconf 89' lang='lat' dir='ltr'><strong>ratione</strong></span> <span class='ocrx_word' id='word_1_217' title='bbox 2360 3904 2642 3988; x_wconf 85' lang='lat' dir='ltr'><strong>vulgaris</strong></span> 
     </span>
     <span class='ocr_line' id='line_1_29' title="bbox 388 4009 2640 4101; baseline 0.004 -28"><span class='ocrx_word' id='word_1_218' title='bbox 388 4009 585 4075; x_wconf 89' lang='lat' dir='ltr'><strong>lectio</strong></span> <span class='ocrx_word' id='word_1_219' title='bbox 630 4017 775 4078; x_wconf 90' lang='lat' dir='ltr'><strong>orta</strong></span> <span class='ocrx_word' id='word_1_220' title='bbox 819 4018 886 4080; x_wconf 90' lang='lat' dir='ltr'><strong>et</strong></span> <span class='ocrx_word' id='word_1_221' title='bbox 927 4014 996 4080; x_wconf 91' lang='lat' dir='ltr'><strong>in</strong></span> <span class='ocrx_word' id='word_1_222' title='bbox 1041 4036 1185 4080; x_wconf 88' lang='lat' dir='ltr'><strong>eam</strong></span> <span class='ocrx_word' id='word_1_223' title='bbox 1222 4014 1530 4098; x_wconf 84' lang='lat' dir='ltr'><strong>formam,</strong></span> <span class='ocrx_word' id='word_1_224' title='bbox 1578 4038 1710 4101; x_wconf 89' lang='lat' dir='ltr'><strong>qua</strong></span> <span class='ocrx_word' id='word_1_225' title='bbox 1761 4039 1934 4084; x_wconf 91' lang='lat' dir='ltr'><strong>nunc</strong></span> <span class='ocrx_word' id='word_1_226' title='bbox 1980 4015 2444 4098; x_wconf 87' lang='lat' dir='ltr'><strong>circumfertur,</strong></span> <span class='ocrx_word' id='word_1_227' title='bbox 2489 4038 2640 4101; x_wconf 90' lang='lat' dir='ltr'><strong>pro-</strong></span> 
     </span>
     <span class='ocr_line' id='line_1_30' title="bbox 387 4127 1458 4209; baseline 0.007 -23"><span class='ocrx_word' id='word_1_228' title='bbox 387 4142 620 4207; x_wconf 86' lang='lat' dir='ltr'><strong>gressu</strong></span> <span class='ocrx_word' id='word_1_229' title='bbox 663 4127 970 4209; x_wconf 91' lang='lat' dir='ltr'><strong>temporis</strong></span> <span class='ocrx_word' id='word_1_230' title='bbox 1008 4127 1282 4193; x_wconf 89' lang='lat' dir='ltr'><strong>redacta</strong></span> <span class='ocrx_word' id='word_1_231' title='bbox 1325 4129 1458 4193; x_wconf 62' lang='lat' dir='ltr'><strong>sit.&gt;</strong></span> 
     </span>
    </p>
   </div>
   <div class='ocr_carea' id='block_1_7' title="bbox 389 4234 2641 4439">
    <p class='ocr_par' dir='ltr' id='par_1_7' title="bbox 389 4234 2641 4439">
     <span class='ocr_line' id='line_1_31' title="bbox 559 4234 2640 4326; baseline 0.004 -27"><span class='ocrx_word' id='word_1_232' title='bbox 559 4234 783 4302; x_wconf 85' lang='lat' dir='ltr'><strong>Editio</strong></span> <span class='ocrx_word' id='word_1_233' title='bbox 822 4238 1123 4324; x_wconf 88' lang='lat' dir='ltr'><strong>princeps</strong></span> <span class='ocrx_word' id='word_1_234' title='bbox 1170 4240 1543 4306; x_wconf 89' lang='lat' dir='ltr'><strong>continetur</strong></span> <span class='ocrx_word' id='word_1_235' title='bbox 1586 4245 1765 4307; x_wconf 93' lang='lat' dir='ltr'><strong>tomo</strong></span> <span class='ocrx_word' id='word_1_236' title='bbox 1822 4241 2020 4307; x_wconf 91' lang='lat' dir='ltr'><strong>tertio</strong></span> <span class='ocrx_word' id='word_1_237' title='bbox 2066 4241 2486 4326; x_wconf 88' lang='lat' dir='ltr'><strong>epistolarum</strong></span> <span class='ocrx_word' id='word_1_238' title='bbox 2529 4240 2640 4307; x_wconf 91' lang='lat' dir='ltr'><strong>de-</strong></span> 
     </span>
     <span class='ocr_line' id='line_1_32' title="bbox 389 4347 2641 4439; baseline 0.006 -28"><span class='ocrx_word' id='word_1_239' title='bbox 389 4347 727 4415; x_wconf 88' lang='lat' dir='ltr'><strong>cretalium</strong></span> <span class='ocrx_word' id='word_1_240' title='bbox 773 4369 1173 4419; x_wconf 90' lang='lat' dir='ltr'><strong>summorum</strong></span> <span class='ocrx_word' id='word_1_241' title='bbox 1214 4350 1613 4439; x_wconf 84' lang='lat' dir='ltr'><strong>pontificum,</strong></span> <span class='ocrx_word' id='word_1_242' title='bbox 1658 4354 1772 4439; x_wconf 86' lang='lat' dir='ltr'><strong>qui</strong></span> <span class='ocrx_word' id='word_1_243' title='bbox 1814 4374 1985 4421; x_wconf 90' lang='lat' dir='ltr'><strong>anno</strong></span> <span class='ocrx_word' id='word_1_244' title='bbox 2033 4359 2190 4420; x_wconf 87' lang='grc'><strong>1591</strong></span> <span class='ocrx_word' id='word_1_245' title='bbox 2239 4352 2348 4436; x_wconf 86' lang='lat' dir='ltr'><strong>„in</strong></span> <span class='ocrx_word' id='word_1_246' title='bbox 2369 4352 2641 4424; x_wconf 81' lang='lat' dir='ltr'><strong>aedibus</strong></span> 
     </span>
    </p>
   </div>
  </div>
 </body>
</html>
