3178 5113
1316 475 1744 542 ...31—

385 647 715 730 buerunt,
783 651 977 717 modo
1025 653 1435 731 omittentes,
1503 649 1616 715 ubi
1680 649 1986 733 ponenda
2031 655 2202 730 erat,
2270 651 2464 717 modo
2532 673 2665 717 non

385 786 521 830 suo
566 766 711 829 loco
758 768 1180 847 apponentes.
1256 763 1628 828 Sententias
1674 762 1765 827 sic
1808 760 2092 841 vitiatas,
2139 784 2283 827 cum
2325 763 2501 829 haud
2545 765 2664 829 dis-

384 878 603 942 ficiles
651 878 781 941 sint
824 876 910 940 ad
951 856 1401 959 corrigendum
1447 880 1513 940 et
1555 876 1680 940 levi
1723 880 2050 957 extremae
2098 874 2382 958 syllabae
2415 877 2515 941 vel
2558 877 2664 941 lit-

390 996 588 1054 terae
633 990 992 1054 mutatione
1036 990 1414 1072 plerumque
1461 989 1680 1052 sanari
1724 989 1996 1070 possint,
2044 988 2386 1052 maximam
2409 994 2664 1071 partem

394 1102 532 1165 iam
558 1099 813 1166 Caraffa
860 1101 1243 1166 emendavit.
1317 1101 1611 1165 Alterum
1657 1122 1859 1183 genus
1905 1105 2009 1165 est
2050 1100 2448 1181 mendorum,
2495 1123 2664 1184 quae

400 1236 443 1277 a
490 1212 904 1278 similitudine
973 1213 1256 1296 quadam
1308 1211 1772 1278 vocabulorum
1830 1213 2126 1294 profecta
2170 1219 2355 1293 sunt,
2401 1219 2477 1278 ut
2522 1235 2663 1279 sae-

397 1329 544 1408 pius
589 1332 806 1387 noster
863 1334 930 1389 et
971 1331 1194 1401 vester,
1237 1325 1412 1386 vobis
1457 1330 1524 1388 et
1566 1326 1775 1402 nobi-9,
1843 1326 1971 1389 alia
2016 1327 2247 1390 similia
2290 1332 2664 1409 permutata

398 1438 776 1501 invenimus.
836 1436 1015 1502 Haec
1060 1436 1373 1519 imprimis
1397 1436 1791 1515 HarduinuS,
1838 1436 2031 1503 homo
2079 1444 2418 1504 emunctae
2464 1441 2661 1519 naris,

399 1550 670 1613 feliciter
712 1549 1062 1631 indagavit,
1109 1554 1176 1613 et
1219 1550 1409 1631 plura
1455 1549 1709 1631 egregie
1742 1549 2066 1630 expedivit
2084 1550 2161 1633 2).
2235 1549 2397 1614 Tum
2440 1551 2507 1615 in
2542 1573 2664 1616 nu-

397 1663 592 1726 meris
637 1662 737 1726 vel
778 1662 950 1726 notis
998 1661 1469 1743 chronologicis
1513 1660 1861 1728 reddendis
1906 1682 2372 1745 nonnunquam
2414 1663 2664 1729 librarii

403 1778 725 1837 errarunt.
814 1774 1089 1838 Errores
1136 1774 1229 1838 sic
1276 1772 1562 1854 admissi,
1612 1774 1666 1837 si
1711 1794 1790 1837 ex
1829 1774 1973 1855 ipso
2021 1775 2248 1840 ordine
2291 1776 2663 1841 litterarum

403 1886 706 1969 cognosci
747 1889 1041 1968 possunt,
1105 1906 1307 1967 parvo
1350 1886 1614 1968 negotio
1661 1886 2104 1968 corriguntur;
2154 1887 2253 1951 sin
2299 1888 2510 1968 aliter,
2554 1909 2659 1953 res

400 2004 504 2062 est
549 1997 976 2079 desperanda.
1067 1996 1384 2074 Quartum
1427 1997 1706 2081 denique
1764 2019 1965 2080 genus
2010 2020 2242 2081 parum
2287 2001 2521 2073 adhuc·
2545 2001 2658 2066 ob-

398 2116 729 2175 servatum
774 2115 893 2188 est,
941 2131 1331 2193 quamquam
1373 2109 1964 2193 frequentissimum
1986 2112 2139 2175 mihi
2162 2112 2432 2177 videtur.
2510 2113 2658 2177 Plu-

397 2225 597 2286 rimas
645 2223 831 2301 enim,
877 2223 1002 2286 nisi
1045 2224 1458 2288 vehementer
1502 2222 1708 2302 fallor,
1754 2222 2023 2288 lacunas
2048 2224 2404 2289 Vaticanus
2437 2224 2655 2305 habet,

399 2335 500 2398 vel
546 2333 811 2416 singulis
856 2334 956 2398 vel
999 2336 1289 2418 pluribus
1334 2336 1548 2400 verbis
1594 2336 1868 2401 omissis.
1979 2335 2165 2412 Quod
2213 2358 2357 2400 cum
2421 2337 2519 2401 vel
2577 2358 2655 2403 ex

396 2467 472 2511 eo
520 2446 749 2510 coniici
791 2446 1005 2526 liceat,
1053 2448 1226 2530 quod
1270 2454 1374 2513 tot
1416 2448 1617 2514 verba
1683 2448 2130 2531 suprascripta
2197 2453 2380 2528 sunt,
2450 2449 2653 2514 multo

392 2566 613 2624 tamen
676 2558 1083 2624 manifestius
1147 2560 1223 2625 fit
1290 2584 1368 2627 ex
1433 2564 1577 2644 ipso
1647 2563 2121 2626 sententiarum
2176 2567 2243 2625 et
2309 2561 2655 2628 verborum

391 2697 583 2742 nexu.
675 2676 779 2741 Sic
822 2678 1259 2739 iuramentum
1282 2675 1652 2738 Bertramni
1696 2675 1949 2739 comitis
1998 2674 2107 2759 (M.
2157 2678 2281 2738 350
2327 2674 2426 2757 B.)
2472 2674 2653 2740 Vati-

394 2810 595 2853 canus
639 2790 706 2853 in
744 2788 917 2853 hunc
962 2786 1223 2851 modum
1267 2786 1501 2852 refert:
1574 2787 1753 2870 „Ego
1800 2787 1871 2850 B.
1919 2791 2039 2850 etc.
2082 2785 2166 2849 ab
2211 2786 2334 2850 hac
2376 2785 2540 2851 hora
2584 2793 2653 2852 et

399 2900 701 2983 deinceps
746 2902 865 2965 tibi
909 2899 1169 2965 domino
1215 2921 1358 2965 meo
1392 2922 1604 2984 papae
1629 2897 1943 2983 Gregorio
1987 2902 2053 2961 et
2098 2900 2349 2963 cunctis
2397 2919 2651 2964 succes-

397 3012 653 3076 soribus
699 3013 848 3091 tuis,
895 3014 1002 3094 qui
1046 3034 1165 3095 per
1185 3014 1484 3078 meliores
1520 3012 1885 3078 cardinales
1912 3031 1961 3073 s.
1987 3009 2317 3075 Romanae
2341 3012 2652 3078 ecclesiae

388 3124 668 3205 suerint,
737 3123 1169 3204 credideritiS,
1237 3126 1305 3189 in
1351 3125 1702 3208 dampnum
1745 3127 2034 3187 vestrum
2079 3142 2181 3186 me
2228 3124 2471 3188 sciente
2517 3146 2649 3189 non

387 3235 884 3301 manifestab0.“
972 3235 1298 3301 Nonnulla
1342 3236 1676 3317 excidisse,
1722 3235 1867 3318 quis
1908 3256 2039 3299 non
2095 3233 2316 3298 videt?
2424 3235 2649 3320 Neque

393 3347 711 3414 Caraffam
755 3348 941 3431 fugit,
986 3350 1096 3431 qui
1137 3350 1374 3414 lacuna
1417 3349 1582 3414 bene
1627 3348 1884 3430 expleta
1926 3348 2357 3411 iuramentum
2403 3349 2494 3412 sic
2520 3349 2655 3414 edi-

390 3457 518 3523 dit':
567 3499 689 3540 „—
733 3483 782 3525 s.
829 3460 903 3525 R.
952 3461 1263 3526 ecclesiae
1302 3464 1484 3524 electi
1522 3460 1783 3539 fuerint,
1814 3462 2037 3543 fidelis
2082 3481 2209 3535 ero,
2257 3466 2313 3520 el
2360 3462 2656 3543 quicquid

386 3571 796 3638 credideritis
820 3579 984 3638 etc.“
1052 3573 1229 3638 Alias
1265 3595 1523 3657 quoque
1561 3573 2165 3657 praetermissiones
2202 3578 2271 3635 et
2294 3571 2550 3637 Caraffa
2586 3579 2653 3638 et

384 3684 761 3750 Harduinus
793 3686 899 3750 hic
939 3686 1071 3750 illic
1115 3690 1527 3764 notaverunt,
1568 3687 1684 3750 sed
1706 3688 2014 3750 maiorem
2048 3691 2269 3749 tamen
2313 3706 2653 3750 numerum

383 3797 680 3862 locorum
722 3797 848 3863 hoc
890 3797 1084 3863 modo
1129 3798 1505 3862 vitiatorum
1574 3819 1687 3862 eos
1732 3819 1963 3880 parum
2008 3816 2273 3862 curasse
2323 3798 2552 3880 opinor
2573 3799 2649 3881 3).

369 4117 372 4120 .
424 4066 480 4128 ’2)
518 4064 704 4119 Placet
739 4065 900 4119 etiam
920 4080 985 4119 ea
1004 4064 1320 4137 emendatiO,
1354 4078 1513 4132 quam
1534 4063 1821 4119 Hartvicus
1845 4063 2003 4120 Floto
2031 4063 2101 4119 ad
2121 4080 2205 4133 ep.
2235 4065 2297 4115 79
2333 4064 2453 4119 libri
2486 4065 2654 4132 primi

524 4160 626 4225 (Μ.
665 4161 767 4209 120
793 4159 877 4226 C.)
914 4161 1215 4231 proposuit,
1249 4168 1523 4231 „tempore
1559 4160 1918 4217 antecessoris
1954 4157 2155 4230 vestri,“
2189 4176 2296 4215 non
2330 4161 2489 4210 nostri
2525 4161 2651 4214 scri-

517 4252 751 4307 bendum
789 4269 909 4309 esse
945 4253 1159 4310 docens.
1232 4254 1357 4310 Vita
1389 4253 1629 4308 Heinrici
1664 4254 1758 4308 IV.
1833 4255 1896 4308 T.
1935 4255 1979 4309 Ι.
2012 4272 2066 4323 p.
2114 4257 2224 4306 155.

414 4351 477 4415 3)
525 4347 658 4403 Cum
693 4346 959 4416 expuncta
992 4362 1203 4417 quoque
1247 4349 1415 4403 multa
1463 4349 1521 4403 in
1558 4348 1810 4404 Vaticano
1847 4339 1966 4406 esse
2002 4365 2166 4417 supra
2204 4349 2502 4411 retulerim,
2554 4366 2641 4405 su-
