3178 5113
1221 508 1308 519 ....
1397 433 1649 537 13'...

295 644 607 711 editionis
653 664 810 711 suae
855 642 1299 725 adiungendas
1346 644 1621 724 curavit,
1659 646 1869 709 totam
1913 648 2131 709 autem
2162 645 2557 710 varietatem

289 778 689 842 proponere·
714 755 1096 840 supersedit,
1143 756 1273 820 sive
1320 756 1494 838 quod
1536 776 1667 820 non
1713 757 1917 821 omnis
1964 756 2304 822 diversitas
2351 778 2391 821 a
2434 757 2555 821 Za-

293 870 529 936 charia
570 872 801 934 notata
845 873 1004 948 erat,
1053 869 1183 933 sive
1222 867 1396 951 quod
1436 868 1898 948 arbitrabatur,
1947 889 2015 933 se
2036 869 2275 935 nemini
2299 873 2558 953 gratum

291 982 630 1049 facturum
675 1002 832 1061 esse,
880 981 934 1046 si
977 985 1187 1045 totam
1232 981 1418 1071 quasi
1459 1002 1735 1045 messem
1780 986 2131 1046 excuteret.
2258 982 2332 1047 Id
2381 986 2556 1047 certe

296 1097 513 1177 patet,
555 1114 757 1176 neque
802 1093 1122 1158 Harduini
1187 1094 1572 1158 coniecturis
1638 1115 1847 1177 neque
1892 1094 2125 1159 Mansii
2169 1094 2555 1159 lectionibus

296 1206 513 1288 ipsam
557 1206 885 1288 vulgatam
948 1206 1390 1281 recensionem
1444 1210 1766 1271 mutatam
1822 1226 1983 1286 esse,
2052 1229 2195 1272 cum
2261 1212 2552 1290 uterque,

294 1310 607 1402 quicquid
637 1319 786 1383 novi
809 1318 894 1383 ad
915 1318 1284 1402 Registrum
1328 1318 1797 1384 emendandum
1840 1319 2082 1399 attulit,
2128 1342 2259 1384 non
2301 1321 2369 1384 in
2411 1319 2556 1402 ipsa

293 1430 500 1496 verba
537 1431 875 1514 rec-iperet,
924 1431 1039 1495 sed
1082 1433 1148 1495 in
1188 1432 1542 1515 marginem
1581 1432 2001 1497 reficiendum
2045 1436 2324 1497 curaret.

470 1990 568 2055 Ex
609 1991 707 2071 iis,
755 2013 917 2076 quae
966 1991 1045 2055 de
1105 1992 1349 2075 origine
1406 1991 1687 2074 vulgaris
1752 1989 2144 2055 recensionis
2201 1988 2543 2072 disputavi,

292 2104 732 2185 consequitur,
777 2109 851 2168 ut
894 2103 1095 2171 verba
1139 2105 1294 2184 eiuS,
1341 2124 1505 2187 quae
1548 2124 1749 2186 parvo
1775 2090 2137 2167 discrimine
2163 2101 2387 2166 eadem
2407 2101 2543 2166 fere

288 2214 361 2278 in
419 2214 715 2279 omnibus
783 2215 1171 2281 editionibus
1224 2221 1637 2299 repetuntur,
1703 2236 1834 2280 non
1893 2236 1972 2279 ex
2030 2212 2308 2281 ‚diversis
2359 2214 2543 2281 libris

294 2346 496 2390 manu
539 2328 812 2410 scriptiS,
860 2328 976 2394 sed
1019 2351 1098 2394 ex
1121 2350 1249 2399 uno
1289 2328 1509 2395 codice
1544 2327 1851 2392 tabularii
1877 2327 2176 2393 Vaticani
2218 2318 2567 2406 fluxerint,

293 2459 486 2522 quem
509 2460 707 2522 supra
727 2440 1003 2506 laudavi.
1061 2440 1285 2524 Neque
1318 2443 1526 2506 minus
1553 2446 1804 2504 certum
1848 2444 1967 2520 est,
2014 2460 2433 2523 quaecunque
2459 2438 2540 2503 ab

292 2550 417 2618 hoc
459 2552 679 2619 codice
724 2553 1054 2634 recedant,
1102 2558 1216 2619 aut
1254 2554 1592 2636 irrepsisse
1634 2575 1752 2636 per
1789 2574 2074 2618 errorem
2113 2558 2226 2616 aut
2266 2552 2348 2617 ad
2373 2550 2544 2617 arbi-

294 2664 489 2730 trium
513 2666 831 2732 editorum
853 2670 1111 2732 mutata
1134 2687 1295 2731 esse.
1370 2665 1544 2743 Quae
1579 2688 1725 2730 cum
1767 2666 1861 2729 ita
1889 2667 2037 2746 sint,
2082 2665 2150 2729 id
2169 2666 2444 2748 primum
2468 2685 2546 2729 ac

292 2778 697 2859 potissimum
738 2779 1059 2864 agendum
1098 2779 1253 2844 mihi
1286 2779 1557 2859 videtur,
1603 2783 1678 2842 ut
1721 2779 1932 2859 lectio,
1978 2779 2184 2862 qualis
2208 2799 2378 2842 nunc
2425 2780 2543 2858 est,

301 2886 382 2949 ab
428 2890 719 2955 omnibus
763 2892 907 2972 illis,
953 2913 1118 2975 quae
1162 2893 1263 2957 vel
1307 2913 1347 2956 a
1389 2873 1585 2956 nimia
1625 2891 1889 2956 licentia
1927 2891 2029 2955 vel
2073 2912 2113 2955 a
2156 2890 2546 2973 negligentia

303 2995 623 3064 editorum
663 3001 957 3084 prosecta
1003 2989 1185 3087 sunt,
1257 3003 1507 3069 mendis
1554 3009 1942 3087 repurgetur
1999 3006 2064 3067 et
2096 3003 2211 3082 fad.
2252 3024 2547 3068 normam

299 3110 556 3194 codicis,
605 3134 684 3178 ex
730 3137 855 3198 quo
899 3117 1041 3199 ipsa
1082 3118 1391 3200 originem
1419 3092 1638 3196 duxit,
1684 3137 1908 3181 rursus
1957 3115 2291 3199 dirigatur.
2380 3114 2547 3182 Nam

301 3244 685 3309 quamquam
731 3227 967 3312 ambigi
1010 3231 1253 3315 nequit,
1300 3230 1454 3312 quin
1493 3250 1610 3294 suo
1656 3230 1794 3293 iure
1839 3228 2122 3294 editores
2167 3228 2405 3293 multos
2448 3226 2544 3293 lo-

304 3354 414 3400 cos
457 3338 524 3402 in
569 3322 787 3404 codice
830 3348 1168 3425 corruptos
1218 3343 1637 3421 correxerint,
1678 3341 1750 3406 id
1796 3346 2015 3406 tamen
2053 3363 2172 3424 pro
2212 3339 2542 3423 comperto

295 3446 669 3515 habendum
736 3457 866 3533 est,
934 3456 1305 3536 saepissime
1374 3475 1484 3519 eos
1528 3454 1719 3518 nullis
1781 3454 1923 3518 aliis
1972 3453 2050 3518 de
2096 3456 2307 3518 causis
2353 3475 2393 3518 a
2437 3474 2545 3537 ge-.

294 3562 496 3628 nuina
539 3563 819 3628 lectione
863 3564 1215 3647 deflexisse,
1259 3569 1385 3632 nisi
1442 3566 1617 3651 quod
1676 3571 1790 3630 aut
1847 3566 2085 3630 codicis
2138 3565 2335 3632 verba
2377 3565 2545 3631 male

291 3675 584 3760 legerent
626 3682 744 3743 aut
782 3677 989 3761 probe
1033 3679 1205 3744 lecta
1243 3702 1473 3764 parum
1513 3680 1949 3762 intelligerent
1973 3683 2088 3743 aut
2109 3678 2543 3762 typographo·

291 3810 437 3853 rum
480 3789 809 3856 erroribus
856 3813 950 3872 ea,
999 3814 1128 3875 qua
1188 3814 1310 3876 par
1367 3798 1537 3875 erat,
1605 3792 1939 3876 vigilantia
1978 3791 2221 3856 mederi
2262 3790 2541 3872 neglige-

296 3905 461 3964 rent.
545 3903 925 3988 Ubicunque
970 3905 1130 3971 haec
1172 3906 1348 3971 facta
1391 3907 1549 3985 sint,
1620 3906 1772 3988 quin
1819 3904 2056 3970 codicis
2099 3904 2291 3968 lectio
2336 3903 2402 3966 in
2444 3902 2541 3966 in-

297 4014 553 4095 tegrum
594 4017 999 4083 restituenda
1044 4020 1157 4100 sit,
1224 4039 1412 4085 nemo
1452 4018 1747 4104 profecto
1797 4018 1950 4098 erit,
2019 4016 2128 4099 qui
2170 4016 2237 4082 in
2281 4013 2542 4079 dubium
2617 4100 2625 4108 ⁵

294 4129 502 4189 vocet.

467 4237 705 4305 Omnes
752 4261 902 4325 ergo
948 4243 1147 4324 locOS,
1195 4243 1424 4328 quibus
1471 4264 1614 4307 meo
1658 4240 1895 4305 iudicio
1942 4239 2179 4306 codicis
2224 4238 2415 4304 lectio
2439 4258 2542 4302 re-

297 4353 512 4418 vocari
551 4353 765 4436 debet,
812 4356 879 4420 in
926 4377 1057 4429 eas,
1103 4377 1264 4441 quas
1310 4355 1570 4437 subieci,
1618 4354 1877 4422 tabulas
1916 4346 2132 4419 retuli.
2197 4351 2541 4418 Asteriscis
