3178 5113
333 610 501 682 hanc
544 615 738 681 fidem
782 633 914 694 eoS‚
956 614 1065 698 qui
1105 634 1223 696 per
1266 614 1405 680 eius
1434 614 1815 681 doctrinam
1860 614 1944 680 ab
1990 636 2069 681 ea
2110 620 2582 682 recesserant.“

331 727 473 794 Hoc
517 726 1034 797 additamentum
1073 727 1331 792 omnino
1389 749 1534 823 cum
1579 727 1884 794 chronico
1928 728 2220 811 Hugonis
2264 728 2583 794 Flavinia-

333 840 545 906 censis
591 840 889 906 convenit
935 839 1133 925 (Mon.
1182 838 1394 905 Germ.
1444 839 1506 905 S.
1554 839 1618 905 S.
1664 840 1833 906 Vm.
1869 861 1931 924 p.
1979 841 2163 925 443),
2206 860 2419 924 neque
2465 840 2582 905 du·

331 951 492 1032 bito,
540 953 694 1035 quin
736 950 884 1017 inde
924 951 1336 1036 desumptum
1381 953 1484 1017 sit.
1589 951 1845 1019 Codicis
1891 952 2258 1019 conditione
2305 954 2581 1036 cognita,

331 1063 464 1128 iam
500 1085 621 1147 pro
665 1068 994 1148 comperto
1039 1064 1265 1131 haberi
1305 1068 1546 1148 potest,
1588 1068 1729 1130 tum
1773 1063 2027 1130 demum
2069 1065 2305 1148 prioris
2343 1064 2583 1131 formu-

334 1175 438 1241 lae
485 1176 837 1242 clausulam
880 1183 1270 1269 expunctam
1313 1198 1474 1258 esse,
1522 1199 1668 1243 cum
1709 1177 1890 1243 locus
1935 1198 2014 1242 ex
2056 1177 2330 1260 Hugone
2374 1177 2583 1243 Flavi-

332 1286 623 1354 niacensi
659 1289 728 1354 in
768 1291 1123 1375 marginem
1164 1290 1572 1371 adficeretur,
1619 1293 1686 1355 et
1729 1289 1880 1355 mihi
1925 1289 2183 1374 quidem
2202 1310 2584 1374 persuasum
2619 1279 2626 1287 ’

335 1404 468 1480 est,
535 1401 999 1486 Berengarium
1060 1405 1130 1469 in
1192 1404 1337 1487 ipsa
1390 1402 1593 1469 verba
1642 1402 1878 1486 prioris
1943 1401 2256 1469 formulae
2313 1404 2583 1468 iurasse.

335 1510 594 1603 Caraffa
633 1534 814 1594 vero,
879 1519 953 1580 ut
1020 1537 1186 1600 quae
1248 1517 1318 1582 in
1369 1515 1589 1582 codice
1650 1515 2020 1598 discrepare
2062 1514 2466 1596 videbantur,
2516 1516 2584 1581 in

333 1623 618 1690 editione
663 1646 782 1691 sua
825 1631 978 1711 apte
1020 1622 1193 1694 inter
1238 1649 1307 1694 se
1348 1629 1783 1709 concinerent,
1827 1627 2020 1694 finem
2062 1629 2322 1712 utrique
2344 1627 2584 1693 formu-

331 1735 436 1801 lae
478 1738 702 1820 posuit
738 1738 839 1803 his
871 1738 1125 1814 ‚verbisz
1173 1740 1321 1822 „Sic
1363 1761 1466 1806 me
1509 1741 1688 1805 Deus
1733 1738 1993 1806 adiuvet
2039 1744 2107 1804 et
2147 1740 2309 1805 haec
2354 1744 2586 1806 sancta

335 1848 456 1913 Dei
471 1849 525 1933 ²)
553 1851 938 1935 evangelia,“
983 1856 1049 1917 et
1093 1874 1514 1937 quaecunque
1538 1853 1747 1918 altero
1791 1853 1935 1918 loco
1957 1853 2231 1937 margini
2253 1852 2586 1936 adscripta

331 1960 685 2045 invenerat,
729 1964 797 2029 in
842 1963 1190 2032 editionem
1230 1964 1572 2032 referenda
1615 1966 1881 2032 curavit.

396 2108 399 2113 ·
504 2080 677 2148 Satis
721 2076 960 2148 dixisse
1024 2079 1179 2147 mihi
1235 2078 1458 2148 videor
1501 2080 1582 2147 de
1639 2078 1868 2146 habitu
1911 2079 2214 2146 editionis
2256 2077 2585 2163 principis,

332 2213 530 2275 quam
590 2194 756 2259 aliae
824 2192 1095 2260 subinde
1160 2200 1424 2262 secutae
1493 2197 1666 2260 sunt.
1788 2191 1935 2258 Non
1990 2192 2159 2257 enim
2221 2195 2319 2258 ita
2379 2189 2583 2255 multo

333 2313 487 2386 post
527 2325 668 2374 mos
709 2305 1005 2387 invaluit,
1071 2313 1147 2372 ut
1187 2309 1255 2374 in
1297 2307 1622 2373 thesauris
1678 2305 2067 2389 scriptorum
2109 2304 2195 2370 ad
2235 2304 2336 2369 ius
2383 2302 2583 2368 eccle-

336 2419 668 2487 siasticum
708 2419 1173 2501 pertinentium
1215 2442 1360 2485 cum
1399 2421 1564 2486 actis
1611 2415 2040 2504 synodalibus·
2075 2415 2388 2501 epistolae
2413 2435 2583 2479 sum·

333 2554 584 2600 morum
625 2531 1004 2617 pontificum
1065 2533 1628 2617 coniungerentur.
1727 2532 1847 2599 'Sic
1890 2531 2263 2616 Registrum
2328 2547 2584 2613 quoque

336 2643 631 2730 Gregorii
674 2645 811 2711 VII.
867 2646 1217 2729 repetitum
1283 2650 1386 2720 est
1449 2651 1517 2712 et
1535 2642 1543 2651 “
1560 2667 1602 2713 a
1644 2646 1827 2713 Binio
1845 2647 1900 2731 ⁸)
1944 2649 2012 2710 et
2062 2645 2130 2709 in
2186 2642 2583 2721 collectione,

332 2779 527 2842 quam
555 2761 812 2828 vocant(
834 2758 1079 2842 regiam
1092 2759 1171 2843 ⁴),
1216 2762 1356 2825 tum
1399 2759 1665 2826 transiit
1705 2760 1773 2824 in
1792 2756 2038 2824 Labbei
2054 2758 2130 2842 ὃ),
2175 2755 2494 2822 Harduini
2509 2755 2583 2839 θ),

337 2869 567 2935 Coletii
583 2871 635 2954 ⁷)
656 2929 665 2936 ,
683 2890 978 2953 corpora,
1023 2871 1300 2955 denique
1342 2873 1412 2937 in
1457 2871 1918 2957 amplissimam
1941 2870 2337 2954 eandemque
2370 2869 2584 2934 novis-

337 2979 566 3046 simam
589 2981 1033 3047 collectionem
1043 2984 1123 3068 8),
1152 3005 1346 3067 quam
1367 2985 1553 3063 Dom.
1578 2984 1867 3051 Mansius
1891 2959 2261 3050 Florentiae
2285 2985 2353 3047 et
2373 2980 2581 3045 Vene-

332 3092 441 3159 tiis
486 3114 544 3158 a.
584 3098 661 3158 17
668 3098 749 3160 59
770 3087 1048 3160 —1795
1095 3095 1315 3161 edidit.
1370 3097 1479 3161 ‘In
1523 3095 1821 3163 omnibus
1853 3097 2053 3180 igitur
2095 3095 2286 3160 huius
2330 3094 2582 3179 generis

330 3206 655 3273 thesauris
698 3206 1069 3292 Registrum
1135 3229 1325 3274 suum
1376 3209 1593 3275 locum
1638 3209 1947 3289 obtinuit,
1989 3209 2086 3273 ita
2121 3212 2340 3273 tamen
2379 3211 2454 3271 ut
2498 3204 2581 3271 ab

333 3317 623 3401 epistolis
667 3319 1125 3387 dirimerentur
1168 3326 1320 3388 acta
1363 3321 1797 3403 conciliorum,
1843 3342 2009 3406 quae
2054 3325 2120 3386 et
2161 3321 2229 3385 in
2252 3318 2582 3386 codicibus

331 3413 401 3495 et
442 3431 618 3515 apud
662 3431 982 3498 Caraffam
1018 3454 1165 3544 cum
1207 3435 1501 3518 epistolis
1544 3435 1869 3519 permixta
1912 3438 2092 3514 sunt,
2146 3434 2277 3499 iam
2321 3453 2474 3498 vero
2512 3432 2582 3497 in

364 3680 423 3747 2)
460 3679 550 3735 Sic
586 3679 799 3737 Caraffa
829 3683 915 3738 vel
947 3683 1196 3741 librarius
1231 3687 1344 3743 eius
1377 3686 1448 3741 ad
1482 3703 1636 3743 suum
1668 3686 1945 3743 arbitrium
1978 3686 2061 3742 bis
2083 3684 2284 3743 codicis
2299 3685 2580 3742 lectionem

459 3776 708 3847 mutavit,
741 3778 976 3835 scribens
1013 3787 1234 3849 „sancta
1264 3781 1402 3838 Dei“
1437 3799 1537 3851 pro
1575 3787 1809 3845 ,ωσι-α’.

363 3868 422 3935 3)
455 3869 674 3927 Parisiis
707 3878 763 3927 et
798 3873 1046 3930 Coloniae
1082 3876 1410 3946 Agrippinae
1448 3878 1601 3929 1606.
1639 3877 1703 3930 Τ.
1739 3877 1837 3932 ΠΙ.
1874 3893 1926 3946 p.
1962 3872 2319 3929 Μῖνι-1278.

363 3963 422 4028 4)
458 3963 678 4032 Parisiis
715 3967 864 4019 1644.
903 3969 968 4023 T.
1004 3971 1202 4027 XXVI.
1236 3988 1290 4041 p.
1329 3973 1552 4024 8—527.

360 4057 422 4123 5)
456 4057 674 4115 Parisiis
712 4063 857 4118 1671.
894 4064 959 4118 Τ.
995 4064 1062 4119 Χ.
1097 4067 1195 4121 col.
1230 4068 1449 4118 6-306.

360 4152 421 4217 6)
457 4152 677 4210 Parisiis
717 4159 856 4210 1714.
895 4158 958 4213 Τ.
999 4160 1092 4216 VI.
1130 4161 1192 4217 P.
1230 4161 1276 4217 1.
1314 4154 1417 4217 col‘.
1460 4162 1818 4215 nso-1511.

358 4247 415 4314 7)
453 4247 697 4305 venetiis
731 4255 886 4306 1728.

356 4341 415 4408 8)
453 4341 517 4398 T.
552 4343 673 4401 XX.
708 4348 812 4404 col.
849 4348 1106 4401 60-378.
