3178 5113
1437 424 1693 515 *⁷38
1784 485 1866 496 ..-

508 621 732 686 factus
780 625 910 701 est,
957 622 1317 688 serviatis.“
1421 622 1846 689 Scribendum
1887 627 2079 708 puto:
2148 621 2316 689 colla
2357 623 2577 689 vestra
2618 621 2782 682 rele-

519 737 698 819 vetis,
742 736 964 817 iuqum
1010 734 1150 800 eius
1191 735 1614 801 excutientes,

692 846 767 911 L.
816 846 893 910 V.
954 868 1052 930 ep.
1110 851 1148 910 4
1211 847 1324 933 (Μ.
1373 852 1495 914 239
1541 847 1667 932 Α.).
1793 847 2124 928 „Misimus
2190 847 2274 912 ad
2339 866 2454 913 vos
2515 845 2785 910 fratrem

525 962 826 1024 nostrum
869 957 1260 1025 Landulfum
1303 960 1579 1026 Pisanae
1630 960 1943 1026 ecclesiae
2006 961 2075 1026 in
2140 961 2571 1044 episcopum.“
2680 955 2786 1023 Sic

524 1070 901 1137 VaticanuS.
989 1070 1296 1138 Editores
1343 1093 1565 1139 omnes
1609 1073 1955 1139 lectionem
1994 1074 2062 1140 in
2106 1072 2275 1138 hunc
2313 1071 2577 1137 modum
2619 1069 2785 1135 male

524 1187 972 1249 mutaverunt:
1022 1184 1332 1265 „fratrem
1375 1189 1664 1251 vestrum
1701 1184 2155 1270 Landulphum
2177 1185 2453 1251 Pisanae
2477 1183 2787 1250 ecclesiae

529 1297 962 1382 episcopum.“
1090 1296 1254 1387 Nam
1321 1301 1389 1363 et
1452 1297 1930 1365 restituendum
1977 1302 2078 1364 est
2139 1301 2513 1379 „nostrum“
2559 1300 2627 1362 et
2666 1316 2785 1379 pro

530 1411 675 1491 „in“
721 1408 1134 1475 scribendum
1177 1414 1459 1476 electum.
1550 1410 1645 1476 Cf.
1690 1411 1761 1474 L.
1785 1409 1861 1475 V.
1906 1431 2004 1494 ep.
2053 1415 2119 1476 2:
2170 1410 2497 1491 „misimus
2537 1408 2630 1474 ad
2672 1428 2787 1473 vos

529 1521 702 1587 hunc
746 1520 1018 1587 fratrem
1061 1529 1361 1590 nostrum
1405 1522 1796 1589 Landulfum
1838 1522 2114 1589 Pisanae
2160 1523 2471 1589 ecclesiae
2514 1522 2789 1589 electum

532 1634 970 1719 episcopum.“
2585 1666 2589 1670 ·

702 1746 776 1811 L.
821 1744 898 1810 V.
937 1766 1044 1830 ep.
1096 1751 1173 1813 14
1220 1747 1332 1833 (Μ.
1380 1751 1503 1833 247
1548 1747 1675 1834 Ε.)“.
1778 1747 2128 1830 „Nostram
2173 1746 2583 1815 diffinitivam
2644 1767 2791 1814 sen·

534 1859 828 1941 tentiam,
870 1880 954 1925 ne
995 1859 1211 1926 facere
1255 1861 1501 1946 aliquid
1559 1883 1756 1947 super
1798 1861 1921 1928 hoc
1975 1861 2238 1945 negotio
2282 1860 2795 1944 praecipitanter

537 1977 604 2038 et
649 1971 1020 2039 inordinate
1062 1972 1445 2054 videremur,
1492 1974 1917 2059 quoadusque
1941 1973 2124 2040 vobis
2169 1977 2287 2040 aut
2327 1973 2636 2039 nuncium
2679 1992 2796 2038 seu

538 2085 796 2150 litteras
839 2090 1122 2166 nostras,
1162 2107 1282 2169 per
1323 2087 1499 2171 quod
1540 2088 1757 2153 omnia
1788 2086 2075 2153 eiusdem
2103 2086 2350 2170 negotii
2372 2088 2524 2152 acta
2543 2084 2795 2169 plenius

489 2246 491 2250 ι
541 2217 1038 2282 cognoscamuS,
1096 2198 1493 2282 suspendere
1552 2199 1816 2285 dignum
1882 2198 2240 2265 duximus.“
2329 2198 2652 2264 Omissum
2696 2201 2798 2262 est

538 2313 693 2395 post
737 2314 1080 2390 „nostras“
1124 2300 1492 2388 mittamus,-
1537 2334 1665 2396 quo
1691 2312 1966 2393 adiecto,
2009 2313 2079 2378 in
2100 2311 2278 2378 nulla
2297 2332 2371 2376 re
2397 2309 2797 2377 offendimus.

543 2421 799 2489 Caraffa
842 2444 995 2489 vero
1045 2424 1262 2490 omnia
1305 2425 1584 2505 novavit,
1628 2447 1773 2490 cum
1812 2425 1881 2490 in
1923 2424 2095 2490 hunc
2137 2423 2400 2490 modum
2442 2422 2657 2489 locum
2698 2428 2798 2508 ty-

401 2520 412 2559 ³
540 2536 642 2621 pis
689 2533 1133 2602 excudendum
1160 2541 1421 2603 curaret
1454 2536 1920 2623 „quoadusque
1964 2536 2153 2603 nobis
2176 2541 2293 2603 aut
2335 2537 2641 2603 nuncium
2685 2555 2800 2603 8011

540 2648 797 2714 litteras
841 2652 1094 2715 vestras
1139 2650 1435 2731 mittatis,
1480 2672 1599 2735 per
1642 2656 1843 2736 quas“
1892 2654 2013 2715 etc.
2149 2651 2152 2660 ⁴

713 2760 786 2826 L.
832 2760 940 2826 VI.
989 2782 1086 2845 ep.
1138 2767 1167 2827 l
1219 2752 1503 2849 (M.'256
1549 2764 1682 2842 D.).
1784 2761 1954 2843 „Sed
1997 2763 2151 2848 quia
2191 2757 2498 2846 pervenit
2531 2760 2618 2827 ad
2659 2782 2799 2841 1108,

544 2872 721 2959 quod
761 2874 1003 2939 inimici
1035 2874 1158 2940 Dei
1202 2881 1270 2940 et
1311 2874 1425 2941 filii
1470 2875 1713 2942 diaboli
1757 2874 2018 2959 quidam
2060 2874 2234 2960 apud
2277 2896 2392 2941 vos
2434 2883 2667 2941 contra
2704 2876 2802 2941 in-

492 2975 500 2984 ”
543 2985 896 3052 terdictum
960 2987 1359 3070 apostolicae
1425 2988 1599 3053 sedis
1664 2987 2071 3073 praedictum
2129 2991 2516 3055 conventum
2567 3008 2802 3071 procu-

543 3103 694 3166 rent
735 3100 804 3164 in
845 3099 1100 3164 irritum
1146 3099 1382 3166 ducere
1450 3105 1518 3166 et
1561 3122 1694 3167 non
1736 3101 2007 3181 iustitia,
2076 3100 2192 3165 sed
2236 3099 2541 3185 superbia
2585 3121 2661 3166 ac
2702 3103 2804 3165 to-

458 3221 463 3226 “
545 3213 677 3278 tius
722 3212 906 3296 regni
947 3211 1351 3279 desolatione
1384 3281 1388 3288 ,
1418 3234 1571 3279 suas
1639 3213 2033 3297 cupiditates
2078 3211 2384 3306 anhelent
2424 3212 2693 3297 implere
2739 3215 2807 3279 et

549 3324 970 3391 christianam
1028 3325 1405 3409 religionem
1449 3326 1806 3406 destruere,
1848 3305 2192 3391 monemus·
2227 3330 2381 3391 vos“
2425 3328 2547 3390 etc.
2575 3348 2670 3375 -’
2690 3345 2807 3406 „ac

547 3437 752 3503 totius
806 3438 990 3521 regni
1046 3438 1489 3505 desolatione“
1552 3438 1937 3522 Gregorius,
2004 3437 2181 3521 quod
2246 3437 2546 3522 equidem
2599 3437 2808 3518 video,

549 3553 833 3621 scribere
876 3575 1009 3620 non
1052 3554 1287 3637 potuit.
1400 3551 1621 3617 Verba
1684 3571 1831 3616 mea
1899 3551 2226 3617 sententia
2270 3552 2362 3617 sic
2403 3550 2809 3617 emendanda

550 3673 734 3735 sunt:
780 3668 874 3730 ad
914 3668 1120 3732 totius
1165 3665 1349 3750 regni
1392 3666 1867 3728 desolationem.

719 3780 793 3846 L.
838 3779 946 3845 VI.
993 3800 1092 3862 ep.
1134 3784 1174 3843 4
1223 3778 1334 3862 (M.
1382 3781 1507 3842 260
1541 3776 1667 3862 A.).
1740 3776 1995 3857 „Lectis
2039 3774 2471 3841 fraternitatis
2506 3778 2660 3841 tuae
2703 3774 2812 3840 lit-

552 3894 711 3959 teris
733 3914 864 3959 non
887 3913 1125 3977 parum¹
1159 3891 1378 3956 mirati
1423 3910 1664 3971 sumus,
1708 3911 1841 3955 non
1886 3910 1965 3955 ea
2004 3892 2072 3953 te
2119 3908 2248 3972 qua
2290 3886 2508 3953 decuit
2542 3893 2809 3972 aposto-

548 4007 739 4073 licam
763 4004 984 4072 sedem
1004 4026 1125 4089 pro
1169 4004 1535 4069 reverentia
1579 4001 1704 4068 sibi
1746 4002 2102 4086 scripsisse,
2142 3999 2259 4066 sed
2300 4004 2463 4066 nos“
2509 4004 2631 4066 etc.
2705 4000 2809 4067 Sic

551 4119 928 4197 VaticanuS,
974 4137 1165 4211 quem
1187 4137 1409 4182 omnes
1448 4115 1733 4183 editores
1779 4115 1918 4180 sine
1957 4114 2091 4180 ulla
2126 4112 2530 4181 dubitatione
2554 4112 2813 4199 sequuti

555 4236 726 4299 sunt.
794 4231 1050 4296 Desunt
1082 4212 1245 4296 'vero
1290 4234 1444 4313 post
1487 4228 1784 4309 „decuit“
1828 4228 2019 4311 plura
2050 4227 2277 4295 verba:
2321 4228 2635 4317 modestia
2655 4241 2813 4310 crya

555 4345 658 4411 vel
693 4343 943 4410 similia.
