3178 5113
427 627 653 670 Editionis

407 698 665 739 nanninus·

459 769 602 808 loeus.

419 853 504 905 76.
541 853 605 905 Ε.

421 1232 504 1284 77.
542 1233 609 1281 Α.

419 1337 506 1384 77.
544 1334 606 1385 C.

418 1438 504 1490 78.
537 1438 607 1490 D.

419 1543 502 1594 84.
542 1540 606 1592 Ε.

418 1646 502 1697 89.
541 1643 600 1699 C.

415 1766 500 1817 90.
539 1764 601 1816 C.

417 2042 503 2094 91.
538 2043 607 2095 A.

415 2147 501 2198 91.
540 2148 606 2200 A.

417 2249 505 2298 91.
541 2247 607 2298 Β.

417 2351 503 2401 91.
543 2351 604 2403 C.

295 2480 300 2485 ·
413 2454 500 2506 92.
540 2456 601 2508 C.

412 2560 498 2609 92.
532 2561 600 2614 D.

411 2663 495 2713 ⁹3.
529 2665 599 2717 D.

413 2767 498 2819 ⁹3.
534 2766 604 2818 D.

419 2868 504 2919 98.
535 2868 597 2920 Β.

421 2970 504 3020 97.
543 2970 605 3022 Β.

414 3073 499 3125 97.
539 3076 611 3127 D.

412 3179 495 3232 98.
532 3178 603 3232 Β.

408 3300 494 3352 99.
530 3301 592 3354 0.

380 3386 497 3440 100.
531 3386 595 3438 Β.

406 3661 491 3718 99.
527 3664 593 3720 Ε.

379 3772 493 3823 102.
531 3771 596 3821 E.

381 3873 490 3924 103.
523 3875 592 3927 Δ.

385 3973 500 4023 104.
535 3974 595 4025 Β.

381 4074 498 4126 106.
522 4075 596 4130 C.

376 4179 492 4232 107.
533 4180 595 4232 0.

611 3310 638 3440 Ξ

1291 456 1819 518 -15-’

1130 676 1280 717 Lectio

1104 746 1314 795 vulgaris.

762 849 901 918 Quid
934 849 1098 920 igitur
1129 849 1196 904 de
1243 854 1452 918 cetero,
1494 862 1652 917 quam

830 935 980 1002 (Gar.
1035 937 1218 1005 quem)
1273 940 1487 991 sanctae
1545 933 1651 989 Ro-

825 1037 1016 1083 manae
1086 1022 1345 1077 ecclesiae
1421 1021 1652 1089 primum

825 1108 1180 1164 membrorum
1214 1108 1607 1164 collocavimus.

757 1229 1029 1298 sanguinis
1064 1228 1357 1285 effusionis.

757 1332 928 1400 primo
964 1332 1297 1401 Septembre.

757 1434 906 1489 VIII.
943 1435 1212 1491 Kalendas
1246 1435 1509 1492 Octobris.

756 1538 851 1593 XI.
889 1537 1018 1594 Idus
1052 1537 1317 1595 Octobris.

757 1641 1020 1699 Roderico
1059 1642 1207 1710 (Car.
1238 1642 1517 1710 Roderio).

759 1763 1057 1821 Albertum

760 2040 1071 2100 Aldilasiae.

760 2144 1036 2198 voluntate
1066 2148 1122 2198 te
1157 2143 1316 2198 ferre.

761 2245 992 2301 libenter
1017 2246 1345 2315 impartiens,

761 2348 817 2403 in
849 2347 980 2420 fine,
1012 2349 1117 2405 hic.

756 2453 952 2508 Letoni
984 2453 1292 2508 marchioni.

756 2574 874 2614 sum
909 2564 1144 2614 coactus.

753 2678 1003 2732 rogamus
1034 2664 1310 2719 caritatem
1343 2669 1593 2720 vestram.

756 2784 894 2838 quae
929 2766 1117 2823 fideles
1152 2783 1296 2825 suos.

754 2872 921 2941 recipi
952 2888 1061 2927 non
1093 2873 1303 2928 meruit.

757 2991 945 3031 causas
979 2974 1311 3031 abscindere.

753 3077 1054 3136 Adelettae.

756 3181 976 3251 Quando
1010 3188 1265 3239 meretur.

748 3664 943 3724 studiis
976 3641 1289 3724 audivimus.

747 3770 1053 3827 laudassem
1085 3786 1187 3841 pro
1222 3788 1306 3827 eo.

747 3875 895 3931 Data
927 3875 1130 3931 Romae
1165 3876 1221 3930 in
1257 3874 1476 3943 synodo.

748 3978 952 4034 XVIII.
986 3979 1106 4034 Kal.
1146 3980 1366 4049 Aprilis.

750 4079 906 4137 Nunc
939 4098 1034 4140 vos
1066 4082 1428 4141 admonemus.

751 4182 1053 4243 Moravensi
1086 4188 1371 4246 ecclesiae.

2106 673 2259 716 Lectio

1978 744 2146 784 codicis
2174 731 2394 786 Vaticani.

1737 846 1874 916 Quid
1906 847 2069 916 igitur
2103 847 2171 903 de
2203 853 2276 917 te,
2307 863 2465 917 quem
2511 862 2629 902 san-

1806 939 1923 989 ctae
1946 932 2212 990 Romanae
2241 934 2631 1002 ecclesiaepri-

1803 1035 1947 1074 mum
2000 1019 2355 1074 membrorum
2406 1035 2629 1074 numero

1803 1105 2191 1161 collocavimus.

1735 1226 2006 1296 sanguinis
2039 1225 2302 1282 effusoris.
2336 1226 2403 1277 H.

1735 1330 2014 1398 *proximo
2050 1328 2384 1398 Septembre.

1735 1432 1934 1488 xvm
1968 1432 2239 1490 Kalendas
2272 1414 2536 1490 Octobris.

1733 1534 1806 1591 11.
1841 1536 1971 1592 Idus
2005 1535 2269 1593 Octobris.

1734 1615 1976 1697 Reclino.

1735 1762 2058 1818 Albericum.
2082 1760 2261 1827 (Quod
2269 1761 2479 1831 Garaffa
2488 1765 2632 1831 quasi

1806 1850 1867 1902 de
1902 1851 2186 1919 coniectura
2208 1851 2425 1925 scripsit,
2444 1850 2498 1901 in
2520 1851 2630 1918 ipso

1807 1936 1978 1987 codice
2013 1936 2241 2002 ἱερέων.)

1737 2037 2027 2094 Adilasiae.

1735 2141 2008 2197 voluntate
2042 2140 2201 2196 ferre.

1697 2297 1701 2301 .
1734 2244 1964 2301 libenter
1994 2245 2321 2313 impertiens.
2373 2222 2380 2228 ⁵

1735 2349 1790 2403 in
1824 2348 2011 2420 finem,
2043 2348 2147 2403 hic.

1737 2452 1938 2508 Tezoni
1969 2451 2280 2506 marchioni.

1734 2558 1832 2613 sim
1865 2563 2101 2612 coactus.

1732 2677 1984 2732 rogamus
2018 2662 2312 2718 claritatem
2345 2665 2590 2716 vestram.

1734 2767 1825 2835 qui
1854 2765 2040 2822 fideles
2073 2781 2216 2821 suos.

1731 2870 1899 2939 recipi
1929 2885 2037 2925 non
2070 2870 2339 2925 meruerit.

1733 2989 1922 3029 causas
1954 2973 2247 3029 abscidere.

1732 3077 1997 3134 Adeleite.

1734 3180 1838 3250 Qui
1868 3197 1977 3237 non
2009 3187 2262 3237 meretur.
2298 3179 2366 3233 Η.

1735 3302 1878 3358 XIV.
1930 3303 2052 3358 Kal.
2120 3301 2322 3358 Martii.
2390 3298 2627 3367 (Caraffa

1801 3398 2034 3467 tanquam
2086 3389 2147 3442 de
2186 3389 2471 3440 coniectura
2503 3389 2624 3437 seri·

1790 3475 1916 3545 psit,
1951 3476 2083 3545 quod
2112 3478 2166 3527 in
2199 3477 2308 3543 ipso
2335 3478 2439 3528 eius
2461 3473 2628 3526 codice

1780 3564 2014 3633 leqitur.)
2108 3571 2123 3618 ἲ

1730 3667 1921 3725 studiis
1956 3667 2212 3725 audimus.

1729 3771 2095 3830 laudassemus
2128 3789 2228 3843 pro
2265 3787 2346 3829 eo.

1727 3875 1873 3931 Data
1903 3877 1960 3930 in
1993 3875 2212 3946 synodo.

1729 3979 1900 4035 XVII.
1938 3981 2061 4036 Kal.
2098 3979 2268 4050 April.

1728 4083 1885 4140 Nunc
1911 4084 2106 4140 iterum
2132 4099 2226 4140 vos
2247 4073 2617 4138 ammonemus.

1726 4187 2066 4244 Olomucensi
2143 4185 2399 4245 ecclesiae
2485 4185 2619 4250 (alia

1793 4290 1941 4326 manu
1998 4275 2386 4343 suprascriptum
2436 4271 2615 4327 Maro-

1793 4362 2005 4452 vensi).-
