3178 5113
1332 455 1763 518 ...37—

421 631 598 697 esset
639 631 797 695 tuae
821 625 1207 707 celsitudini,
1252 646 1336 693 ne
1380 646 1538 711 erga
1576 625 1795 693 sedem
1820 627 2247 711 apostolicam
2288 627 2357 694 in
2378 624 2593 694 verbis
2618 631 2688 694 et

414 739 855 826 legationibus
900 740 1033 804 tuis
1088 739 1307 823 aliqua
1348 739 1750 805 inveniretur
1803 740 2244 825 discrepantia
2307 740 2684 821 voluntatiS,

287 870 290 873 “
417 859 488 920 et
528 854 598 919 in
639 852 770 933 his,
815 874 936 936 per
978 873 1148 937 quae
1192 851 1550 918 christiana
1615 850 1779 918 fides
1836 857 1906 919 et
1957 858 2174 919 status
2232 853 2541 919 ecclesiae
2599 851 2685 918 ad

416 973 757 1034 aeternam
800 966 1078 1032 salutem
1122 965 1399 1030 maxime
1432 964 1710 1049 proficit,
1756 986 1891 1031 non
1915 965 2125 1046 nobiS,
2173 965 2289 1031 sed
2312 966 2450 1033 Deo
2478 963 2682 1032 omni-

417 1082 676 1167 potenti
715 1079 1003 1146 debitam
1045 1099 1177 1144 non
1220 1077 1578 1163 denegares
1612 1079 2062 1159 reverentiam,
2109 1099 2499 1164 quamquam
2523 1098 2682 1163 apo-

419 1194 606 1260 stol-is
664 1213 1013 1276 eorumque
1060 1181 1566 1257 successoribus*
1589 1191 1905 1257 Dominus
1951 1190 2167 1258 dicere
2211 1190 2516 1276 dignatus
2561 1190 2680 1256 sit:

415 1305 550 1384 Qui,
577 1326 693 1371 vos
738 1303 941 1384 audit,
985 1324 1089 1368 me
1134 1302 1318 1369 audit
1362 1308 1528 1370 etc.“
1573 1303 2055 1388 „Quamquam“
2089 1305 2195 1369 vix
2240 1309 2419 1369 stare
2438 1307 2679 1388 potest,

317 1403 324 1410 ⁶
414 1421 724 1503 quoniam
767 1418 836 1482 in
875 1417 1044 1483 hanc
1089 1417 1482 1482 sententiam
1528 1417 1847 1483 convenit.

583 1554 656 1620 L.
702 1555 814 1621 111.
861 1576 959 1640 ep.
1013 1559 1089 1621 12
1139 1555 1250 1642 (Μ.
1304 1560 1422 1621 199
1468 1555 1593 1641 Β.).
1682 1554 2012 1637 „Litteras
2058 1554 2459 1638 apostolicae
2504 1552 2679 1620 sedis

408 1668 560 1735 ideo
584 1668 766 1735 vobis
800 1668 1173 1753 dirigendas
1218 1689 1360 1734 esse
1386 1669 1770 1750 censuimus,
1815 1669 1968 1753 quia
1992 1670 2521 1748 scismaticorum,
2568 1666 2680 1752 qui

415 1785 650 1849 contra
692 1782 900 1848 Deum
944 1785 1012 1847 et
1055 1783 1516 1848 auctoritatem
1560 1786 1830 1861 sanctae
1870 1780 2202 1847 Romanae
2253 1781 2564 1847 ecclesiae
2607 1798 2678 1844 se

414 1898 794 1975 erexerunt,
839 1916 971 1961 non
1031 1898 1265 1979 sponte
1308 1915 1424 1960 vos
1466 1895 1872 1960 consensisse
1914 1894 2410 1960 intelleximu8.“
2496 1891 2678 1957 Haec

410 2010 516 2073 est
572 2006 768 2073 lectio
814 2007 1135 2074 Vaticani.
1246 2006 1552 2073 Editor-es
1617 2011 1779 2090 post
1831 2005 2154 2072 Caraffam
2209 2005 2675 2077 emendarunt:

409 2119 938 2200 „schismaticis“.
1029 2119 1157 2186 Sed
1195 2119 1436 2185 excidit
1479 2121 1762 2183 consilia&
1803 2118 1905 2184 vel
1950 2119 2155 2184 simile
2201 2117 2465 2203 aliquid.

509 2300 512 2303 ι
583 2256 656 2322 L.
701 2256 812 2323 m.
861 2278 959 2342 ep.
1012 2262 1087 2323 16
1136 2258 1247 2344 (M.
1275 2263 1397 2327 202
1441 2257 1564 2345 Β.).
1645 2256 1817 2340 „Sed
1858 2257 2017 2342 ipse,
2061 2257 2252 2323 huius
2295 2259 2673 2326 mansuetu·

413 2368 581 2435 dinis
628 2374 693 2435 et
735 2365 961 2437 tantae
1007 2372 1300 2437 caritatis
1347 2370 1608 2452 oblitus,
1651 2371 1937 2437 fructum
1968 2368 2492 2435 inoboedientiae
2534 2387 2672 2433 ma-

407 2484 529 2549 tris
575 2505 732 2548 suae
778 2483 1111 2553 Romanae
1171 2484 1482 2551 ecclesiae
1537 2483 1777 2550 dicitur
1842 2482 2225 2564 reddidisse,
2269 2480 2673 2569 priuilegium

407 2597 816 2664 venerandae
881 2599 1232 2664 memoriae
1298 2599 1735 2665 antecessoris
1790 2599 2003 2663 nostri
2054 2617 2266 2682 papae
2320 2592 2673 2660 Alexandri

394 2710 873 2795 confringendo
921 2713 990 2777 et
1034 2712 1588 2778 excommunicato
1634 2731 1676 2775 a
1709 2710 1898 2786 nobis
1925 2709 2218 2775 Evrardo
2259 2705 2673 2792 impudenter

409 2823 940 2889 communicando
986 2827 1053 2889 et
1092 2844 1225 2889 non
1271 2824 1480 2890 solum
1521 2824 1732 2907 ipsam
1756 2821 2109 2903 decaniam,
2158 2821 2275 2887 sed
2293 2821 2429 2886 fere
2455 2818 2671 2885 omnia

414 2934 725 3001 ecclesiae
768 2936 1128 3002 ministeria
1173 2937 1539 3021 symoniace
1582 2934 1951 3017 vendendo,
2008 2956 2049 3001 a
2091 2934 2232 3001 Deo
2287 2951 2688 3017 suspensam,

409 3052 485 3113 ut
530 3046 681 3113 olim
725 3049 1124 3132 apostolicae
1165 3048 1341 3114 sedis
1369 3050 1764 3115 sententiam
1789 3069 2054 3133 operum
2089 3069 2353 3113 suorum
2376 3046 2670 3131 nequitia

403 3160 638 3226 merito
683 3159 981 3227 videatur
1012 3162 1082 3226 in
1127 3181 1196 3226 se
1239 3167 1693 3246 provocasse.“
1791 3161 2004 3248 Locus
2058 3161 2347 3225 vitiosus.
2438 3159 2669 3226 Omnia

265 3309 277 3318 -
403 3293 557 3338 vero
605 3274 847 3357 optime
894 3274 1255 3355 concinent,
1325 3275 1381 3340 si
1420 3295 1542 3359 pro
1586 3295 1668 3356 „a
1711 3273 1852 3340 Deo
1899 3294 2282 3357 suspensam
2323 3276 2440 3338 ut“
2508 3272 2666 3338 scri-

405 3384 615 3467 pseris
650 3387 812 3449 adeo
856 3393 931 3450 ut
968 3405 1370 3469 suspensam.
1458 3386 1812 3455 Praeterea
1854 3388 2055 3449 matri
2092 3386 2279 3452 initio
2315 3385 2665 3452 emendan-

404 3495 560 3563 dum
606 3501 725 3562 est.

575 3624 648 3692 L.
691 3627 799 3693 IV.
846 3648 945 3713 ep.
994 3632 1032 3694 6
1082 3628 1194 3715 (M.
1245 3633 1370 3695 214
1393 3628 1520 3715 A.).
1589 3626 1819 3711 „Quod
1863 3629 1919 3695 si
1961 3627 2138 3694 nullo
2186 3628 2552 3695 scismate.“
2593 3630 2665 3693 in

395 3742 533 3820 illo,
577 3761 770 3822 non,
775 3741 1015 3822 ,nullo‘
1059 3740 1472 3808 scribendum
1510 3741 1674 3822 esse,
1721 3763 1800 3808 ex
1843 3743 1988 3827 ipsa
2030 3741 2307 3827 epistola
2348 3746 2553 3840 patet.

572 3878 646 3943 L.
690 3878 800 3946 IV.
844 3900 943 3963 ep.
996 3884 1071 3945 15
1121 3879 1232 3965 (M.
1280 3884 1400 3946 221
1447 3878 1566 3964 0.).
1671 3879 2077 3965 „Adimplere
2138 3882 2662 3966 contempserit.“

269 4067 270 4070 Ἴ
401 3988 667 4077 Corrige
713 3995 1224 4075 contempserint.

571 4120 644 4185 L.
688 4120 799 4187 IV.
845 4142 944 4206 ep.
977 4126 1055 4188 18
1102 4121 1215 4208 (Μ.
1243 4125 1367 4187 224
1390 4120 1516 4208 A.).
1561 4120 2015 4207 ,Q,uapropter
2048 4123 2414 4209 apostolica
2434 4128 2660 4193 aucto·

390 4208 600 4302 ritate
642 4235 1078 4320 praecipimus
1121 4233 1335 4317 vobis,
1400 4239 1478 4299 ut
1535 4235 1705 4301 colla
1761 4240 1982 4301 vestra
2038 4236 2117 4302 de
2162 4236 2281 4303 sub
2324 4235 2474 4322 iugo
2522 4239 2661 4306 eius

392 4346 825 4434 excutientes,
869 4367 952 4420 ne
994 4347 1088 4419 ini
1131 4346 1565 4418 adhaerentes
1589 4346 1868 4429 diabolo,
1916 4349 2097 4416 cuius
2118 4348 2477 4446 membrum
2517 4350 2660 4442 ipse
