3178 5113
1524 429 1952 492 ...12-

609 599 1095 666 collectionibus
1137 600 1262 665 illis
1306 601 1477 665 inter
1518 599 1769 683 reliqua
1812 606 1962 666 acta
2006 600 2339 684 synodalia
2394 601 2641 666 reiecta‘
2679 582 2871 666 inve-¹

607 714 892 777 niuntur.
1803 708 1812 717 ⁸

779 825 918 901 Quo
961 823 1211 889 facilius
1256 825 1461 889 multa
1505 824 1805 890 editionis
1848 825 2156 909 principis
2192 825 2349 889 vitia
2393 825 2694 908 cognosci
2734 830 2863 908 po-

606 941 845 1017 terant,
895 958 970 1001 eo
1010 938 1218 1020 'magis
1264 943 1406 1002 erat
1452 937 1872 1021 sperandum,
1923 937 2060 1004 fore
2105 942 2179 1001 ut
2224 936 2506 1002 editores
2550 938 2697 1001 novi
2735 959 2863 1002 no-

607 1050 700 1113 vis
744 1049 1086 1131 praesidiis
1132 1049 1437 1115 adhibitis
1485 1054 1827 1134 corruptos
1873 1051 2051 1115 locos
2099 1049 2443 1114 emendare
2488 1034 2859 1114 studerent.

611 1160 736 1226 Sed
806 1183 949 1225 eam
995 1183 1172 1244 spem
1216 1162 1514 1227 frustrati
1568 1167 1737 1226 sunt.
1827 1162 1991 1226 Nam
2047 1162 2422 1245 plerumque
2476 1162 2634 1225 nihil
2679 1160 2860 1226 aliud

610 1273 1026 1356 spectabant,
1095 1295 1286 1357 quam
1343 1279 1417 1338 ut
1471 1276 1570 1339 sui
1616 1276 1885 1358 quisque
1932 1273 2292 1340 decessoris
2335 1274 2607 1357 vestigia
2663 1293 2862 1356 quam

608 1386 969 1449 arctissime
1034 1390 1377 1468 premeret.
1500 1386 1723 1470 Neque
1790 1388 2127 1471 quisquam
2192 1407 2397 1451 novae
2462 1386 2859 1451 recensionis

607 1496 1035 1561 fundamenta
1077 1499 1225 1581 egit,
1266 1520 1477 1582 neque
1521 1521 1783 1564 manum
1828 1499 2253 1578 admovit,·ut
2294 1504 2474 1564 certa
2496 1500 2601 1563 via
2641 1503 2708 1563 et
2749 1518 2858 1563 ra-

609 1610 785 1673 tione
849 1609 1048 1674 verba
1115 1611 1409 1693 Gregorii
1454 1613 1975 1677 restituerentur.
2092 1612 2196 1675 Ita
2248 1611 2407 1675 nihil
2452 1610 2624 1675 aliud
2694 1609 2859 1676 effici

608 1722 858 1805 potuit,
924 1721 1051 1786 nisi
1115 1726 1190 1785 ut
1257 1724 1465 1788 sexies
1529 1723 1823 1789 Caraffae
1874 1724 2070 1788 editio
2138 1724 2563 1806 repeteretur.
2679 1722 2858 1800 Quae

607 1835 761 1898 licet
799 1834 944 1915 ipsa
986 1833 1172 1898 valde
1213 1834 1526 1900 mendosa
1571 1837 1673 1915 sit,
1721 1840 1976 1901 tantum
2017 1841 2237 1900 tamen
2260 1835 2464 1915 abest,
2509 1840 2584 1899 ut
2617 1820 2859 1918 repeti-¹

606 1948 819 2012 tiones
866 1949 1033 2011 istae
1077 1947 1280 2029 pluris
1317 1948 1759 2013 aestimandae
1807 1950 1955 2025 sint,
1999 1953 2073 2012 ut
2116 1968 2303 2012 nemo
2344 1947 2574 2011 harum
2618 1968 2859 2030 gnarus

610 2056 884 2137 dubitet,
954 2060 1109 2141 quin
1153 2060 1341 2143 longe
1381 2060 1576 2125 etiam
1623 2058 1869 2126 ceteris
1899 2065 2220 2144 praestet,
2287 2054 2495 2142 neque
2537 2060 2859 2148 immerito

608 2171 899 2236 homines
946 2170 1123 2236 docti
1168 2172 1433 2236 doleant
1457 2224 1471 2253 ,
1541 2173 1716 2256 quod
1757 2175 1885 2238 iam
1929 2175 1997 2238 in
2040 2175 2208 2238 raris
2273 2171 2454 2237 libris
2519 2170 2857 2236 habeatur.

615 2283 779 2348 Nam
819 2284 923 2349 hic
968 2305 1220 2367 quoque
1264 2285 1506 2348 factum
1552 2291 1681 2365 est,
1747 2285 1921 2368 quod
1962 2284 2097 2349 fere
2141 2284 2243 2364 fit,
2266 2289 2361 2377 fut
2403 2280 2481 2349 in'
2513 2284 2862 2350 novissima

617 2415 871 2479 quaque
914 2397 1301 2478 repetitione
1344 2396 1671 2463 veteribus
1719 2396 2045 2461 erroribus
2090 2397 2236 2462 novi
2273 2397 2404 2462 sive
2442 2394 2764 2461 editorum
2782 2395 2863 2460 li·-

616 2508 831 2573 centia
875 2509 1005 2573 sive
1046 2510 1435 2593 negligentia
1478 2511 2028 2595 typographorum
2070 2513 2532 2576 accrescerent.

790 2620 917 2686 Sed
961 2642 1042 2686 ne
1089 2643 1274 2686 suum
1319 2623 1617 2706 cuiquam
1652 2624 1963 2689 honorem
1989 2623 2330 2688 detrahere
2371 2621 2609 2702 videar,
2651 2641 2862 2703 pauca

616 2733 980 2798 adiicienda
1022 2737 1174 2799 sunt
1215 2734 1294 2798 de
1337 2736 1641 2817 periculis
1686 2736 2102 2819 quibusdam,
2171 2755 2336 2819 quae
2383 2741 2450 2800 et
2491 2731 2859 2799 Harduinus

616 2852 683 2911 et
726 2847 1014 2911 Mansius
1080 2848 1147 2911 in
1213 2847 1615 2912 emendando
1674 2849 1974 2931 Registro
2029 2848 2348 2913 fecerunt.
2426 2848 2541 2912 Ille
2569 2840 2860 2930 -quidem',

616 2959 791 3023 nullo
839 2960 1059 3025 codice
1103 2959 1382 3040 adiutUS,
1429 2964 1649 3025 tamen
1695 2961 1774 3025 de
1820 2962 2193 3026 coniectura
2228 2959 2675 3044 aliquot‘locis
2721 2977 2861 3021 cor-

614 3072 823 3155 ruptis
847 3071 1091 3136 mederi
1115 3072 1492 3136 conabatur.
1533 3072 1708 3149 Quae
1725 3095 1849 3153 reS,
1877 3073 2049 3157 quod
2072 3071 2389 3156 ingeniosi
2402 3073 2522 3137 viri
2546 3075 2690 3136 erat
2706 3083 2860 3135 acu-2

615 3205 781 3263 men,
827 3206 1127 3267 magnam
1170 3190 1427 3266 partem
1465 3207 1544 3249 ex
1591 3187 1916 3250 sententia
1953 3186 2283 3249 successit.
2353 3184 2521 3249 Nam
2546 3183 2626 3247 de
2651 3203 2858 3248 emen·

616 3296 1006 3375 dationibuS,
1055 3318 1217 3379 quas
1261 3298 1536 3379 margini
1581 3296 1882 3362 editionis
1929 3318 2083 3360 suae
2130 3293 2504 3380 adscripsit,⁴
2538 3318 2671 3362 non
2705 3317 2863 3380 pau-

617 3430 732 3474 cae
774 3429 891 3491 per
938 3429 1006 3472 se
1049 3408 1420 3490 probabiles
1466 3414 1638 3489 sunt,
1683 3409 2025 3474 nonnullas
2066 3410 2259 3474 lectio
2297 3409 2536 3474 codicis
2573 3407 2863 3474 Vaticani

616 3525 840 3603 aperte
866 3519 1224 3585 confirmat.
1298 3522 1547 3585 Primus
1572 3543 1725 3586 vero
1752 3544 1791 3585 a
1816 3499 2072 3592 Caraffa
2115 3521 2201 3586 ad
2244 3522 2392 3586 libri
2425 3543 2621 3585 manu
2644 3521 2868 3604 scripti

613 3632 806 3698 fidem
829 3634 1098 3697 revertit
1122 3633 1428 3706 Mansius
1502 3632 1623 3710 Qui
1667 3633 1746 3698 de
1792 3633 2013 3699 codice
2039 3633 2319 3717 quodam
2342 3633 2692 3697 Mutinensi
2733 3654 2866 3702 cer-

614 3745 743 3809 tior
785 3744 997 3809 factus
1044 3765 1084 3808 a
1126 3745 1231 3808 Fr.
1266 3746 1548 3810 Antonio
1573 3746 1885 3810 Zacharia
1928 3747 2315 3829 impetravit,
2360 3748 2435 3807 ut
2480 3743 2602 3808 sibi
2645 3745 2866 3810 lectio-

614 3878 730 3924 nes
774 3856 923 3920 inde
965 3856 1287 3922 notabiles
1334 3857 1751 3922 describeret.
1839 3859 1902 3923 Is
1951 3858 2185 3936 codeX,
2232 3877 2619 3940 quamquam
2660 3876 2868 3940 neque

616 3969 1004 4052 antiquitate
1052 3970 1306 4034 excellit
1349 4008 1436 4017 —
1478 3971 1582 4034 vix
1630 3971 1798 4035 enim
1840 3972 1963 4035 hoc
2007 3969 2265 4033 nomine
2304 3967 2596 4034 Caraffae
2642 3969 2867 4033 editio-

614 4102 761 4145 nem
806 4086 1071 4163 superat
1113 4120 1199 4129 ——
1241 4103 1449 4165 neque
1493 4104 1636 4147 meo
1682 4083 1919 4147 iudicio
1953 4081 2171 4176 magni
2213 4081 2543 4147 faciendus
2612 4084 2730 4157 est,
2770 4081 2866 4139 ta-

615 4213 763 4257 men
791 4194 1151 4273 ,editionum
1190 4195 1634 4260 recensionem
1680 4217 1719 4259 a
1764 4175 2090 4259 codicibus
2132 4195 2339 4278 longe
2365 4192 2665 4264 recedere
2688 4187 2866 4251 Man-

617 4306 713 4370 sio
755 4307 1101 4397 persuasit.
1191 4305 1396 4386 Quam
1441 4307 1523 4372 ob
1568 4328 1707 4372 rem
1751 4306 2063 4371 lectiones
2108 4308 2245 4372 eius
2283 4297 2868 4387 carptimmargini
