3178 5113
567 629 796 672 Editionis

552 700 811 741 Mansianae

621 770 762 809 locus.

524 856 648 908 359.
683 856 744 908 Β.

527 961 644 1011 359.
685 960 745 1013 C.

524 1064 641 1118 360.
676 1065 743 1114 A.

524 1168 642 1219 361.
681 1168 740 1222 Β.

506 1270 625 1324 363.
662 1275 727 1323 A.

509 1464 627 1516 363.
667 1464 731 1516 Β.

510 1569 625 1622 364.
665 1569 733 1619 D.

509 1672 627 1722 366.
663 1673 728 1721 E.

427 1816 430 1823 .
509 1775 608 1850 3⁶9.
665 1776 727 1825 Β.

508 1881 628 1929 370.
667 1883 734 1929 Α.

506 2069 626 2121 372.
662 2073 731 2122 D.

510 2175 627 2225 443.
668 2174 725 2224 C.

508 2277 626 2328 461.
663 2280 730 2329 D.

505 2380 624 2431 462.
660 2382 729 2433 D.

504 2572 623 2623 468.
661 2574 731 2625 D.

506 2677 623 2726 468.
659 2678 722 2729 E.

503 2781 622 2831 469.
660 2782 723 2833 Β.

510 2884 626 2935 504.
664 2885 735 2935 D.

508 2988 627 3038 506.
663 2989 733 3043 A.

508 3177 626 3231 506.
661 3179 727 3232 Β.

506 3283 624 3333 507.
659 3285 732 3338 D.

506 3389 626 3439 508.
670 3390 741 3439 D..

505 3492 621 3544 509.
659 3493 722 3545 Β.

503 3873 621 3927 509.
656 3874 719 3925 Ε.

499 4258 615 4311 610.
653 4262 720 4313 A.

498 4364 616 4415 510.
650 4367 719 4416 A.

1442 455 1863 517 ...28-

1277 682 1429 722 Lectio

1250 753 1460 802 vulgaris.

902 855 1192 913 christiana
1224 855 1497 924 religione.

902 968 962 1015 ut
998 959 1065 1015 de
1098 960 1324 1028 reliquo.

901 1082 1056 1134 quam
1090 1081 1123 1119 a
1157 1064 1373 1119 ceteris.

903 1170 1143 1239 diligenti
1180 1166 1509 1224 excussione.

899 1274 1003 1328 Dei
1080 1273 1335 1328 militibus
1411 1271 1795 1327 Tervannensi·

964 1361 1063 1414 bus
1101 1359 1162 1413 O.

894 1465 1065 1533 ipsius
1100 1464 1227 1518 vita.

889 1571 1049 1624 nimis
1084 1567 1154 1622 ad
1188 1568 1411 1637 singula.

887 1659 1132 1728 salitores
1170 1672 1573 1729 contumaciam.

886 1778 1174 1846 Dominus,
1211 1777 1273 1831 si.

886 1881 1389 1936 communicaverint
1429 1880 1514 1934 vel
1559 1882 1617 1935 in
1650 1882 1783 1935 mili-

951 1969 1031 2023 tia
1066 1967 1329 2023 saeculari
1364 1968 1664 2022 servierint.

885 2073 1147 2129 ecclesiae
1183 2087 1304 2126 esse
1339 2070 1611 2127 iudicavit.

881 2176 1160 2246 praeteriti
1193 2177 1408 2230 mensis.

883 2282 1005 2337 ideo
1041 2282 1270 2350 legatus.

882 2393 1270 2443 sacramentum
1308 2384 1534 2440 domin0.

882 2586 937 2635 et
971 2594 1154 2633 omnes
1189 2577 1379 2634 sancti.

884 2699 984 2752 pro
1018 2684 1131 2737 vita
1162 2689 1274 2738 tua.

883 2786 1186 2843 aedificavit
1222 2786 1523 2841 ecclesiam.

883 2908 1009 2962 pars
1042 2891 1242 2946 iniusta
1274 2889 1517 2944 desistat.

883 2996 1243 3066 prohibemus.
1304 2994 1456 3048 Item.
1518 2993 1594 3048 Et
1651 3007 1777 3062 quo·

950 3098 1107 3137 mam.

882 3187 1202 3258 auctoritate
1238 3184 1616 3240 anathematis.

879 3291 1180 3346 habendum
1213 3290 1518 3358 impedient.

880 3396 947 3451 de
980 3396 1221 3451 manibus
1255 3396 1529 3450 laicorum.

879 3501 1115 3556 Decreta
1153 3501 1412 3568 quaedam
1446 3501 1502 3555 in
1535 3502 1639 3557 hac
1655 3514 1773 3569 syn·

950 3587 1050 3641 odo
1087 3587 1276 3654 factazf
1308 3589 1475 3643 multa
1511 3590 1651 3643 enim
1685 3590 1773 3645 de·

949 3674 1267 3745 siderantur,
1303 3688 1527 3741 quorum
1564 3681 1772 3730 tantum

946 3762 1093 3817 tituli
1126 3762 1407 3817 habentur.

877 3883 1289 3951 comprobantur
1302 3924 1317 3953 ,
1395 3882 1633 3939 infirmas
1714 3892 1769 3941 et

941 3969 1139 4025 irritas.

875 4263 1073 4333 possit,
1105 4264 1152 4319 εἰ
1188 4265 1374 4334 culpis.

877 4372 933 4424 et
964 4376 1316 4440 recognoscat
1345 4384 1406 4426 se

2260 689 2411 732 Lectio

2129 757 2299 797 codicis
2327 759 2547 804 Vaticani.

1884 857 2244 917 *christianae
2280 864 2568 934 religionis.

1884 968 1945 1016 ut
1982 971 2036 1018 et
2069 962 2134 1018 de
2170 966 2399 1037 reliqu0.

1884 1081 2040 1132 quam
2077 1076 2130 1124 et
2165 1074 2408 1128 caeteris.

1882 1167 2124 1239 diligenti
2161 1173 2506 1234 discussione.

1880 1272 1982 1328 Dei
2016 1274 2073 1329 Ο.

1876 1465 2044 1532 ipsius
2079 1469 2163 1523 vel
2197 1470 2328 1526 vita.

1873 1570 2046 1625 minus
2081 1572 2149 1627 ad
2191 1576 2412 1644 singula.

1872 1672 2112 1731 fautores
2148 1684 2528 1745 contumaciae.

1871 1777 2136 1836 Dominus'
2165 1782 2337 1854 Deus,
2373 1788 2436 1841 si.

1870 1887 2341 1943 communicaverit
2392 1891 2476 1946 vel
2526 1894 2583 1947 in
2630 1895 2768 1949 mili-

1933 1971 2016 2025 cia
2052 1974 2310 2029 saeculari
2346 1979 2606 2035 servierit.

1866 2075 2128 2131 ecclesiae
2166 2063 2284 2134 esse
2321 2058 2658 2141 adiudicavit.

1863 2180 2141 2247 praedicti·
2157 2186 2369 2241 mensis.

1800 2348 1803 2349 ⁷
1862 2283 2039 2338 *idem
2074 2286 2300 2354 legatus.
2337 2288 2404 2341 H.

1862 2389 2289 2447 *sacramentum
2344 2394 2563 2453 iubente
2614 2398 2760 2473 dom·

1932 2491 2017 2529 no.
2060 2475 2126 2527 H.

1861 2578 2042 2635 *inter
2077 2598 2259 2638 omnes
2295 2594 2527 2643 sanctos.

1862 2699 1960 2752 pro
1995 2686 2111 2741 vice
2144 2695 2265 2743 tua.
2293 2689 2360 2741 Η.

1861 2778 2159 2845 aedificavit
2195 2793 2470 2870 ecclesiam
2504 2814 2665 2854 suam.

1862 2909 1989 2962 pars
2022 2895 2220 2950 iniusta
2252 2898 2548 2968 resipiscat.

1860 2998 2219 3066 prohibemus.
2245 3022 2256 3037 =
2288 3002 2361 3059 Et
2396 3007 2658 3072 quoniam.

1861 3191 2216 3246 *auctoritate
2251 3192 2318 3245 ab
2353 3161 2721 3255 anathematis.

1861 3293 2161 3349 habendum
2194 3296 2551 3365 impedierint.

1862 3397 1928 3452 de
1966 3414 2125 3454 manu
2158 3400 2431 3457 laicorum.

1857 3501 2136 3558 *Decreta
2185 3506 2241 3559 in
2311 3506 2495 3562 eadem
2553 3509 2754 3579 synodo

1926 3588 2086 3644 facta.

1853 3884 2295 3954 comprobantur,
2330 3859 2537 3942 irritas.⁸
2584 3889 2751 3955 (infir-

1920 3986 2035 4024 mas
2060 3972 2210 4037 prim
2242 3972 2295 4021 in
2329 3974 2436 4026 cod.
2483 3973 2588 4028 Vat.
2627 3979 2747 4028 scri·

1912 4065 2050 4125 ptum
2088 4064 2223 4121 erat,
2258 4075 2350 4125 quo
2385 4060 2540 4114 deleto
2575 4080 2748 4133 supra-

1922 4146 2156 4212 scriptum
2189 4153 2262 4197 est
2280 4164 2297 4195 .-
2325 4147 2553 4215 irritas.)

1851 4265 2024 4336 possit
2036 4307 2052 4335 ‚
2085 4266 2277 4335 culpis.

1853 4372 2250 4440 *recognoscat
2283 4388 2358 4428 se.
