3178 5113
1417 420 1802 480 ..fi-

483 612 628 655 cum
671 590 768 654 ita
811 590 960 669 sint,
1006 589 1258 673 sperari
1301 608 1457 654 sane
1496 588 1740 672 potuit,
1802 610 2054 656 summa
2098 611 2243 656 cum
2285 589 2618 674 diligentia
2659 594 2728 655 et

482 725 523 767 a
566 702 883 786 theologis
929 705 996 766 et
1054 700 1138 767 ab
1190 700 1611 766 historiarum
1665 701 2091 786 scriptoribus
2148 722 2309 787 opus
2353 703 2525 769 tanti
2563 722 2726 787 pon·

485 815 656 881 deris
679 814 1187 898 pervestigatum
1220 814 1321 878 iri.
1367 813 1454 878 At
1481 834 1635 880 vero
1676 815 2188 899 quotusquisque
2234 819 2354 897 est,
2400 814 2511 899 qui
2532 815 2727 899 paulo

484 927 801 1015 attentius
844 927 913 992 id
958 925 1493 1010 perlustraverit?

657 1038 813 1120 Sed,
877 1043 953 1104 ut
1013 1039 1327 1105 leniorem
1389 1039 1781 1105 sententiam
1823 1039 2125 1121 feramus,
2190 1061 2268 1106 ea
2320 1040 2729 1125 negligentia,

485 1152 775 1237 quamvis
820 1151 907 1216 sit
948 1151 1404 1235 improbanda,
1448 1156 1670 1217 tamen
1715 1153 2195 1219 excusationem
2249 1152 2574 1237 quandam
2615 1152 2732 1217 ha-

483 1265 641 1330 bere
685 1262 959 1329 videtur.
1047 1263 1214 1331 Nam
1255 1264 1412 1330 nihil
1451 1264 1746 1349 profecto
1782 1265 2117 1332 molestius
2162 1270 2283 1347 est,
2329 1285 2523 1350 quam
2544 1269 2735 1331 vasta

485 1377 597 1443 illa
638 1376 991 1457 volumina,
1033 1378 1103 1441 in
1146 1376 1380 1462 quibus
1424 1377 1578 1444 solis
1624 1377 1833 1444 adhuc
1878 1370 2247 1463 Registrum
2287 1377 2452 1444 adiri
2492 1381 2733 1463 potest,

486 1490 742 1556 volvere
765 1510 843 1555 ac
885 1489 1231 1571 revolvere,
1274 1493 1351 1554 ut
1393 1510 1472 1556 ea
1494 1512 1640 1556 cum
1664 1511 1820 1556 cura
1839 1512 1947 1558 res
1980 1495 2350 1582 tractentur
2372 1494 2734 1556 retracten-

488 1606 743 1686 turque,
788 1621 955 1685 quae
1000 1601 1119 1666 tali
1162 1602 1342 1686 operi
1366 1600 1696 1668 tribuatur
1717 1582 1997 1687 eportet.
2069 1602 2356 1684 Accedit,
2401 1602 2578 1687 quod
2601 1602 2735 1668 edi-

490 1720 670 1781 tores
714 1735 947 1797 parum
992 1713 1473 1796 consuluerunt,
1517 1720 1596 1780 ut
1639 1715 2046 1781 emendatam
2069 1710 2430 1782 orationem
2470 1715 2737 1813 lecturis

489 1831 959 1912 proponerent3
1008 1848 1202 1910 quam
1247 1827 1329 1892 ob
1377 1848 1640 1893 causam
1686 1849 1909 1894 omnes
1952 1827 2289 1908 editioneS,
2333 1849 2496 1912 quas
2536 1827 2763 1894 haber

461 1927 470 1938 ’
490 1962 652 2020 mus,
675 1940 923 2022 pariter
943 1939 1236 2023 plurimis
1261 1941 1781 2025 gravissimisque
1804 1940 2053 2006 mendis
2078 1943 2352 2020 scatent,
2392 1944 2468 2006 ut
2492 1939 2738 2024 Oedipo

490 2052 667 2118 haud
709 2072 861 2117 raro
909 2072 1072 2136 opus
1117 2053 1221 2134 sit,
1266 2053 1629 2119 extricante
1673 2075 1752 2118 ex
1794 2056 1898 2119 tot
1942 2054 2238 2119 errorum
2279 2053 2625 2118 involucris
2671 2056 2741 2119 et

493 2163 1000 2244 difficultatibuS,
1066 2164 1221 2249 quid
1283 2166 1562 2250 scriptor
1608 2165 1822 2231 dicere
1862 2165 2155 2231 voluerit.
2244 2164 2543 2249 Inprimis
2585 2185 2739 2231 vero

492 2276 917 2362 perturbatae
934 2280 1088 2342 sunt
1103 2276 1424 2343 editorum
1444 2279 1695 2344 incuria
1713 2283 1910 2344 notae
1935 2278 2444 2363 chronologicae,
2469 2297 2743 2363 quarum

497 2391 936 2474 discrepantia
977 2411 1083 2455 res
1125 2411 1201 2456 eo
1249 2390 1532 2457 deducta
1575 2394 1695 2471 est,
1739 2393 1816 2455 ut
1857 2395 2088 2457 nostra
2108 2390 2420 2456 memoria
2464 2390 2744 2476 scriptor

497 2502 758 2588 quidam
800 2506 1013 2570 totum
1035 2503 1405 2588 Registrum
1450 2524 1491 2569 a
1532 2504 1752 2569 nescio
1797 2524 1924 2589 quo
1969 2506 2337 2571 veteratore
2380 2503 2743 2570 recentiore

498 2620 716 2682 aetate
761 2616 1167 2699 suppositum
1213 2616 1412 2682 fuisse
1444 2613 1887 2701 praepropera
1920 2616 2337 2683 festinatione
2378 2616 2665 2683 iudicare
2685 2615 2740 2703 ⁵)

497 2750 694 2796 ausus
741 2729 843 2793 sit.
2844 2711 2850 2718 ¹

667 2840 1049 2906 Iamdudum
1110 2842 1477 2925 suspicatus
1524 2863 1730 2924 eram,
1773 2841 2148 2908 foedissima
2181 2842 2355 2923 vitia,
2399 2843 2467 2908 in
2512 2842 2746 2928 quibus

497 2953 866 3037 Registrum
909 2952 1199 3038 legentes
1247 2953 1661 3035 offendimus,
1706 2956 1914 3039 magis
1955 2956 2025 3020 in
2068 2954 2385 3035 editores,
2441 2976 2637 3039 quam
2678 2956 2744 3020 in

495 3067 707 3149 ipsum
774 3086 936 3149 opus
996 3065 1254 3144 cadere.
1379 3067 1557 3146 Quae
1602 3068 1819 3152 opinio
1877 3070 2136 3135 omnino
2196 3066 2582 3144 confirmata
2625 3070 2741 3144 est,

498 3181 643 3244 cum
686 3182 840 3245 ante
883 3180 1002 3245 hos
1042 3178 1531 3262 quatuordecim
1566 3202 1772 3248 annos
1796 3181 2040 3247 Romae
2063 3180 2220 3246 mihi
2240 3179 2742 3246 vetustissimum

498 3290 787 3357 codicem
829 3291 1136 3358 tabularii
1178 3291 1479 3358 Vaticani
1534 3293 1717 3359 adire
1775 3293 2020 3358 liceret.
2122 3291 2295 3357 Nihil
2335 3292 2536 3377 igitur
2577 3290 2744 3357 anti-

532 3560 591 3625 5)
627 3559 688 3614 G.
725 3559 1079 3616 Cassandrum
1112 3560 1227 3617 dico
1242 3602 1256 3629 ,
1299 3562 1450 3617 cuius
1486 3561 1699 3616 nomine
1735 3560 1794 3615 C.
1841 3559 2128 3616 Ellendorf
2163 3562 2333 3634 latere
2376 3565 2609 3630 putatur.
2678 3559 2742 3613 In

632 3655 838 3724 libello,
896 3656 985 3724 qui
1039 3656 1386 3711 inscribiturz-
1415 3655 1531 3712 Das
1576 3656 1837 3711 Zeitalter
1879 3656 2234 3712 Hildebrands
2281 3655 2370 3711 fur
2417 3653 2525 3710 und
2569 3668 2740 3723 gegen

631 3750 724 3805 ihn
765 3750 1116 3829 (Dat-mstadt
1178 3753 1337 3819 1842)
1391 3751 1591 3807 multus
1647 3757 1731 3806 est
1787 3751 1865 3807 de.
1903 3751 2010 3808 fide
2067 3750 2306 3820 Registri
2356 3747 2738 3807 labefactanda.

633 3845 897 3914 Pleraque
911 3886 925 3913 ,
960 3862 1096 3914 quae
1138 3853 1450 3915 argumento
1495 3845 1676 3917 affert,
1727 3846 1978 3904 levissimi
2030 3845 2161 3903 sunt
2196 3845 2472 3915 ponderis;
2516 3844 2747 3915 speciem

613 3955 760 4010 ,vero
796 3940 1060 4009 quandam
1102 3942 1344 3998 veritatis
1391 3957 1521 4011 prae
1558 3958 1618 3996 se
1660 3941 1842 3998 ferunt
1895 3957 1961 3997 ea
1975 3982 1990 4010 ,
2042 3957 2183 4009 quae
2200 4011 2217 4024 ⁴
2236 3940 2304 3995 ad
2347 3941 2751 4011 chronologicas

633 4042 790 4091 notas
845 4042 1105 4105 spectant.
1176 4036 1363 4106 Itaque
1421 4036 1651 4092 alienum
1707 4053 1818 4092 non
1874 4041 2006 4105 puto
2064 4051 2505 4106 commemorare,
2568 4051 2753 4092 omnes

632 4128 747 4196 fere
815 4130 1071 4187 lectiones
1084 4174 1097 4201 ,
1173 4133 1364 4201 quibus
1420 4132 1573 4201 quasi
1641 4123 1986 4187 fundamento
2040 4126 2137 4185 s'uo
2195 4132 2586 4200 argumentatio
2646 4132 2753 4187 ista

632 4225 849 4296 nitatur,
880 4243 988 4282 non
1020 4227 1275 4288 librorum
1308 4228 1631 4302 scriptorum
1665 4242 1814 4302 esse,
1851 4224 1946 4286 sed
1982 4224 2050 4280 ab
2096 4224 2384 4298 editoribus
2424 4224 2594 4281 fuisse
2640 4241 2753 4281 cor-

630 4327 836 4402 ruptas,
2534 4333 2542 4340 ·
