3178 5113
629 678 856 719 Editionis

621 749 820 789 Mansian
828 755 877 784 ae

682 818 822 856 locus.

599 907 715 954 148.
756 900 818 949 C.

597 1009 717 1058 150.
764 1006 833 1053 A.

598 1113 716 1161 154.
753 1107 816 1157 Β.

601 1214 714 1264 155.
751 1211 814 1262 Β.

601 1333 714 1384 156.
755 1332 814 1381 C.

606 1539 716 1590 159.
752 1537 812 1587 B.

529 1701 536 1708 ‚
601 1643 716 1692 162.
756 1641 814 1691 0.

602 1747 716 1796 163.
750 1745 813 1794 B.

602 1849 713 1900 163.
751 1849 820 1897 D.

599 1953 717 2006 164.
753 1953 817 2001 A.

601 2055 714 2106 164.
753 2054 814 2102 B.

600 2160 712 2209 164.
751 2159 810 2208 c.

597 2263 712 2313 164.
750 2262 815 2314 D.

579 2342 711 2415 164.
748 2365 807 2414 Ε.

597 2484 712 2537 166.
750 2488 816 2535 A.

599 2675 713 2726 166.
741 2675 800 2725 C.
825 2631 918 2724 D..

581 2862 711 2913 1166.
747 2865 808 2915 E.

596 2967 710 3017 168.
748 2967 816 3038 ᾼ.

597 3068 710 3119 166.
747 3069 809 3119 Β.

595 3258 708 3308 168.
748 3260 811 3309 Ε.

585 3362 708 3412 169.
743 3360 815 3414 D.

595 3467 712 3515 170.
749 3465 808 3514 Β.

595 3570 708 3620 170.
747 3568 808 3619 Β.

595 3672 707 3722 170.
743 3673 812 3723 D.

592 3778 709 3825 170.
747 3775 816 3826 D.

590 3879 706 3927 171.
746 3882 808 3931 A.

590 3982 707 4030 171.
743 3981 806 4034 Β.

585 4068 704 4154 ua.
743 4102 803 4152 Ε.

588 4307 701 4357 173.
738 4306 801 4358 B.

1513 477 1940 545 —18—-

1346 713 1494 752 Lectio

1317 782 1509 832 vulgaris
1517 811 1526 819 .

964 898 1118 957 recte
1154 889 1410 944 obtinere.

974 986 1029 1070 et
1062 996 1180 1051 ‘eius
1212 994 1485 1047 honorem.

971 1101 1041 1155 H.
1080 1098 1201 1153 Kal.
1238 1091 1488 1149 Ianuarii.

963 1178 1065 1257 vaut
1086 1186 1243 1256 96110
1276 1197 1479 1252 nuntio·

973 1323 1114 1378 omni
1177 1317 1455 1388 diligentia
1507 1320 1563 1368 et
1617 1309 1866 1367 sollicitu-

1040 1409 1179 1463 dine.

960 1496 1178 1598 ¹legatos
1211 1534 1324 1580 tum
1357 1541 1456 1593 per
1491 1521 1761 1591 epistolas.

968 1633 1185 1713 Romae,
1216 1632 1274 1685 in
1307 1644 1412 1697 qua
1445 1633 1676 1682 coactus.

972 1735 1114 1805 quod
1150 1734 1288 1788 enim
1320 1732 1526 1786 morbo.

967 1829 1015 1894 ¹si
1050 1854 1138 1893 res
1173 1835 1493 1906 postularet.

962 1941 1118 1998 ·V111.
1156 1941 1278 1995 Kal.
1315 1936 1613 1992 Februarii.

970 2045 1146 2100 Sueno
1179 2044 1294 2112 regi
1326 2042 1620 2096 Danorum.

962 2149 1360 2204 “ecclesiasticae
1398 2141 1795 2199 exhortationis.

967 2232 1261 2308 necessitas
1293 2255 1498 2320 pareat.

966 2356 1321 2425 periculosum
1356 2361 1495 2408 tunc.
1517 2350 1653 2404 fore.

962 2476 1021 2547 in
1055 2475 1256 2544 synodo
1293 2473 1540 2540 secunda,
1566 2470 1689 2524 Kal.
1720 2468 1863 2521 Mar-

988 2627 991 2630 ,
1038 2564 1113 2617 tii.

965 2643 1156 2722 iudicia
1171 2665 1396 2734 perduci
1414 2693 1474 2703 -
1499 2690 1565 2700 -
1589 2660 1860 2729 apertiora

934 2798 940 2803 .
994 2762 1000 2766 ’
1032 2753 1244 2808 10111616.

967 2858 1114 2911 nulla
1147 2853 1476 2910 acclamandi
1510 2852 1738 2907 occasio.

966 2959 1133 3039 fratre
1168 2959 1504 3026 coepiscopo.

967 3052 1290 3119 conterenda
1341 3068 1395 3116 et
1438 3060 1653 3129 penitus
1701 3057 1859 3112 extir-

989 3157 995 3163 ’
1033 3149 1225 3218 panda.

966 3254 1120 3322 Quod
1153 3253 1380 3306 unicum.

964 3363 1126 3427 prout
1161 3360 1392 3424 oportet.

966 3460 1031 3515 de
1067 3476 1227 3514 causa
1260 3457 1571 3513 Irasmundi.

965 3564 1249 3631 superfiuis
1285 3561 1752 3629 disputationibus.

930 3703 931 3706 η
965 3653 1240 3722 ecclesiam
1285 3670 1520 3718 nostram
1567 3662 1855 3718 devastari.

962 3770 1052 3833 IV.
1085 3769 1225 3821 Non.
1264 3768 1424 3828 Mart.

963 3872 1378 3927 Traiectensium
1411 3872 1697 3926 detentam.

900 4051 905 4056 ἱ
962 3978 1075 4032 61116
1110 3992 1261 4030 111016
1293 3974 1530 4030 inducat.

960 4098 1062 4152 Dei
1096 4097 1422 4152 Leodicensi.

958 4304 1301 4378 Manucensis
1336 4304 1557 4358 comitis.

2328 696 2478 735 Lectio

2193 766 2363 804 codicis
2390 764 2612 804 Vaticani.

1948 872 2132 924 *recte
2167 874 2223 924 te
2262 869 2521 923 obtinere.
2601 866 2669 917 H.

1953 981 2009 1028 et
2042 973 2111 1027 ad
2148 973 2262 1027 eius
2297 973 2573 1026 honorem.

1953 1077 2085 1130 *XL
2120 1076 2241 1129 Kal.
2277 1076 2526 1129 Ianuarii.

1954 1188 2047 1234 aut
2082 1186 2260 1235 certos
2296 1179 2537 1233 nuncios.

1953 1301 2093 1356 omni
2140 1298 2495 1354 sollicitudine
2545 1298 2625 1364 (11.
2666 1314 2713 1353 6.
2764 1299 2844 1350 de-

2022 1388 2122 1438 leta
2158 1393 2269 1436 aunt
2303 1387 2357 1436 in
2402 1382 2680 1451 Vaticano).

1949 1508 2156 1575 legatos
2194 1513 2250 1560 et
2285 1506 2557 1574 epistolas.

1951 1611 2168 1680 Romae,
2204 1626 2363 1678 quam
2398 1617 2634 1665 coactus.

1950 1714 2134 1784 *quod
2172 1730 2292 1768 eum
2326 1714 2528 1768 morbo.

1950 1818 1997 1872 si
2031 1834 2119 1872 res
2154 1818 2523 1885 postulaverit.

1947 1921 2039 1975 IX.
2075 1921 2195 1974 Kal.
2233 1921 2394 1974 Febr.

1950 2025 2148 2079 Sueino
2181 2024 2298 2092 regi
2331 2023 2620 2077 Danorum.

1950 2127 2353 2183 ecclesiasticae
2392 2120 2771 2180 exornationis.

1948 2232 2245 2287 necessitas
2279 2234 2481 2298 parcat.
2517 2227 2584 2278 H.

1948 2336 2308 2403 periculosum
2342 2333 2446 2387 iter
2480 2317 2615 2385 fore.

1948 2455 2041 2510 *in
2076 2453 2277 2520 synodo
2314 2453 2385 2507 II.
2423 2452 2543 2507 Kal.
2591 2450 2792 2505 Martii.

1944 2646 2141 2700 indicia
2186 2644 2410 2712 perduci
2456 2672 2523 2681 -
2567 2671 2657 2690 —.
2691 2654 2844 2707 aper-

2012 2732 2153 2786 tiora
2186 2729 2399 2784 indicia.

1944 2836 2090 2888 nulla
2123 2830 2486 2903 proclamandi
2522 2830 2748 2885 occasi0.

1946 2938 2115 2993 fratre
2154 2944 2210 2991 et
2245 2937 2581 3004 coepiscopo.

1946 3040 2283 3096 conterendis
2321 3046 2376 3094 et
2417 3038 2634 3107 penitus
2681 3033 2842 3089 extir-

2015 3128 2225 3196 06111116.

1947 3248 2101 3318 Quod
2133 3250 2237 3304 hoc
2274 3248 2500 3302 unicum.

1944 3359 2106 3422 prout
2140 3351 2393 3421 oportuit.

1946 3455 2013 3509 116
2048 3471 2213 3509 causa
2249 3451 2584 3507 Trasmundi.

1870 3566 1877 3574 '
1945 3558 2230 3627 superfluis
2266 3543 2762 3624 disceptationibus?

1948 3662 2227 3718 ecclesiam
2279 3666 2515 3715 vestram
2556 3650 2832 3711 devastari·

1945 3766 2044 3820 III.
2078 3766 2220 3819 Non.
2259 3764 2419 3817 Mart.

1949 3868 2374 3923 Traiectensium
2408 3872 2691 3921 retentam.

1947 3973 2102 4027 *sine
2135 3985 2288 4025 mora
2319 3968 2617 4024 reinducat.

1834 4103 1842 4111 ·
1944 4093 2046 4147 Dei
2080 4092 2129 4145 D
2150 4127 2318 4144 .....
2358 4087 2680 4145 Leodjcensi
2712 4086 2776 4149 (i.
2798 4102 2841 4136 e.

2012 4178 2320 4243 Dietwino).

1944 4299 2291 4354 Namucensis
2325 4294 2533 4352 comitis
2571 4293 2633 4355 (i.
2657 4305 2700 4340 e.
2737 4287 2845 4341 Na-

2014 4386 2353 4451 murcensis).
2791 4395 2794 4400 ·
