3178 5113
1296 502 1730 569 -33-

366 674 575 747 verba
596 677 785 763 quasi
823 677 1083 760 integra
1117 676 1289 763 typis
1312 674 1741 749 exscribenda
1778 677 2044 756 curavit,
2071 696 2291 761 neque
2329 675 2632 765 editores,

371 793 486 878 qui
530 791 668 856 eius
691 789 1139 855 recensionem
1161 789 1626 872 repetiverunt,
1671 789 2309 871 praetermissionem
2343 790 2634 857 animad-

367 906 713 972 verterunt
731 903 807 987 ⁴).
868 901 947 967 In
969 901 1144 967 hunc
1187 900 1325 966 fere
1366 901 1632 966 modum
1673 900 1856 966 locus
1903 901 2300 985 supplendus
2344 903 2630 969 videtur:

375 1017 654 1100 „faciam
746 1015 992 1091 Quodsi
1034 1017 1346 1078 censuerit
1399 1013 1501 1081 vel
1559 1014 1760 1080 exiis
1818 1015 2215 1099 praeiudicio
2259 1018 2636 1100 pergravari

377 1136 543 1200 etc.“
629 1129 798 1196 Num
830 1111 1266 1212 praem-avari
1306 1127 1762 1212 corrigendum
1807 1129 1909 1209 sit,
1955 1130 2022 1195 in
2064 1129 2278 1196 medio
2317 1129 2631 1214 relinquo.

547 1244 620 1310 L.
665 1243 715 1309 Ι.
763 1264 862 1327 ep.
911 1246 995 1309 20
1040 1240 1153 1322 (Μ.
1200 1246 1280 1307 77
1326 1242 1452 1328 A.).
1502 1240 1835 1322 „Quanto
1879 1241 2109 1308 melius
2158 1243 2259 1309 tui
2303 1244 2632 1327 sanguinis

376 1358 672 1427 effusoris
715 1357 1051 1440 totiusque
1097 1355 1198 1422 sui
1232 1355 1485 1439 generis
1532 1360 1601 1420 et
1642 1355 1896 1438 patriae
1937 1375 2151 1421 mores
2194 1359 2263 1421 et
2295 1355 2495 1422 vitam
2515 1377 2633 1423 no-

376 1473 542 1551 visti,
587 1474 778 1538 tanto
822 1468 1070 1550 melius,
1112 1466 1347 1552 quibus
1392 1467 1602 1534 modis
1657 1471 1726 1533 et
1769 1466 2005 1552 quibus
2048 1467 2300 1546 facilius
2341 1473 2632 1555 cogatur,

377 1584 714 1651 consulere
756 1558 945 1649 nobis
990 1581 1301 1666 poteris.“
1392 1580 1496 1646 Sic
1552 1580 1857 1660 editores,
1905 1581 2205 1648 Vaticani
2245 1583 2445 1650 verba
2484 1582 2632 1650 red-

376 1697 627 1764 dentes.
702 1695 830 1763 Sed
876 1694 1118 1762 excidit
1162 1699 1315 1760 ante
1360 1681 1688 1774 „facilius“
1732 1694 2092 1759 rationibus
2135 1695 2236 1763 vel
2281 1697 2485 1765 simile
2518 1719 2630 1766 vo-

380 1810 698 1877 cabulum.
2328 1851 2335 1859 -

548 1922 622 1988 L.
666 1922 716 1994 1.
765 1942 863 2004 ep.
911 1925 993 1988 30
1041 1919 1153 2007 (Μ.
1198 1922 1281 1984 86
1326 1919 1450 2005 Β.).
1562 1917 1789 2001 „Unde
1832 1921 2194 2004 apostolica
2231 1926 2301 1988 te
2344 1924 2627 1989 auctori-

375 2041 516 2104 tate
582 2036 1035 2115 admonemus,
1101 2037 1179 2099 ut
1247 2032 1516 2099 clericos
1594 2036 1779 2116 tuos,
1847 2034 1959 2119 qui
2021 2036 2305 2120 turpiter
2367 2056 2632 2103 conver-

374 2154 625 2230 santur,
668 2147 989 2232 pastorali
1045 2147 1260 2231 rigore
1311 2166 1615 2213 coerceas
1659 2151 1758 2227 et,
1803 2147 1982 2231 quod
2023 2148 2317 2216 Romana
2361 2150 2633 2217 ecclesia

376 2264 668 2328 testante
713 2259 796 2326 de
838 2258 1243 2326 immunditia
1302 2259 1688 2344 'clericorum
1753 2260 2015 2341 statuit,
2084 2282 2295 2347 neque
2353 2265 2631 2348 gratiam

376 2394 587 2458 neque
646 2372 864 2439 odium
929 2371 1199 2437 alicuius
1251 2371 1672 2439 considerans
1719 2375 2050 2440 constanti
2103 2377 2498 2442 auctoritate
2561 2377 2630 2442 in

373 2487 647 2553 ecclesia
688 2490 807 2552 tua
844 2483 1287 2570 praedicando
1333 2491 1700 2551 exerceas.“
1789 2485 1969 2553 Haec
2014 2491 2116 2553 est
2158 2488 2352 2555 lectio
2389 2488 2629 2556 codicis

371 2600 688 2667 Vaticani.
813 2597 1162 2665 Manifesto
1227 2618 1381 2664 vero
1435 2618 1556 2683 pro
1618 2602 1986 2680 „testante“
2033 2600 2447 2668 scribendum
2493 2608 2625 2669 est:

372 2720 432 2778 te
475 2716 798 2779 adstante.
890 2710 1408 2793 „Considerans“
1450 2712 1519 2777 in
1565 2710 1848 2780 editione
1893 2713 2235 2782 Mansiana
2288 2738 2408 2802 per
2450 2737 2629 2784 erro-

372 2848 514 2892 rem
549 2827 859 2892 omissum
904 2827 1026 2890 est.

547 2937 622 3002 L.
664 2938 714 3001 Ι.
762 2958 862 3020 ep.
909 2941 988 3001 63
1039 2927 1150 3022 (Μ.
1182 2941 1301 3002 109
1347 2936 1471 3021 Β.).
1544 2936 1658 3017 „In
1702 2937 1825 3004 hoc
1868 2944 2104 3021 autem,
2151 2941 2329 3026 quod
2373 2942 2493 3008 sub
2534 2943 2630 3011 di-

378 3050 556 3115 tione
602 3054 720 3113 tua
755 3048 1027 3113 Romani
1071 3047 1317 3114 ordinis
1364 3047 1647 3114 officium
1688 3049 1830 3116 fieri
1873 3052 2089 3118 studio
2135 3059 2202 3119 et
2235 3055 2628 3122 iussionibus

373 3164 505 3228 tuis
529 3161 791 3242 asseriS,
836 3160 1167 3226 Romanae
1211 3160 1521 3227 ecclesiae
1563 3167 1634 3228 te
1676 3162 1894 3244 filium,
1940 3186 2018 3232 ac
2054 3186 2197 3232 eam
2219 3168 2631 3235 concordiam

375 3279 443 3341 et
486 3274 760 3340 eandem
801 3273 1150 3339 amicitiam
1212 3278 1281 3338 te
1338 3273 1677 3341 nobiscum
1717 3276 1976 3357 habere,
2019 3265 2212 3362 quam
2247 3280 2396 3345 olim
2441 3302 2630 3365 reges

375 3386 747 3472 Hyspaniae
784 3408 930 3452 cum
951 3385 1262 3452 Romanis
1302 3385 1720 3470 pontificibus
1763 3388 2112 3471 habebant,
2160 3395 2630 3477 cognosceris.“

372 3498 636 3565 Excidit
674 3506 978 3581 praestas
1021 3499 1123 3564 vel
1156 3499 1431 3581 praebes
1473 3504 1627 3583 post
1691 3501 1986 3583 „fi.lium“.
2075 3503 2299 3589 Neque
2367 3507 2500 3573 scio
2545 3529 2630 3574 an

374 3611 728 3698 Gregorius
774 3611 1141 3697 scripserit:
1179 3615 1294 3693 „tu
1334 3612 1733 3681 nobiscum“.

543 3726 618 3792 L.
664 3725 715 3790 I.
762 3746 860 3809 ep.
910 3729 993 3790 70
1050 3723 1162 3810 (M.
1217 3730 1337 3791 114
1381 3726 1505 3813 A.).
1609 3713 1943 3807 „Iustitiae
2000 3750 2120 3815 per
2174 3731 2418 3810 omnia,
2488 3752 2632 3797 cum

411 4034 473 4099 4)
514 4033 721 4091 Eodem
752 4034 909 4090 modo
945 4035 1012 4090 L.
1049 4035 1141 4091 VI.
1185 4052 1269 4107 ep.
1307 4037 1370 4086 17
1408 4036 1510 4102 (M.
1549 4039 1649 4089 272
1684 4039 1782 4106 A.)
1817 4046 1943 4108 post
1975 4024 2070 4110 „ut
2101 4038 2264 4095 illud“
2297 4042 2490 4111 integri
2516 4041 2631 4097 fere

510 4146 699 4187 versus
732 4131 927 4186 lacuna
958 4130 1015 4185 in
1047 4130 1307 4186 Vaticano
1340 4132 1531 4187 relicta
1567 4139 1668 4204 est,
1701 4149 1859 4203 quam
1896 4133 2127 4189 editores
2162 4140 2350 4191 notare
2387 4152 2632 4205 superse·

509 4223 719 4281 derunt.
789 4224 906 4281 Nec
938 4242 1048 4281 non
1080 4227 1137 4281 in
1172 4226 1405 4282 Concilio
1440 4227 1700 4283 Vaticano
1727 4227 1790 4283 V.
1827 4227 1928 4295 (M.
1967 4230 2064 4281 507
2083 4229 2177 4297 D.)
2213 4231 2444 4299 spatium
2476 4232 2632 4288 inane

505 4320 776 4384 invenitur
808 4326 936 4391 post
969 4321 1619 4392 „Constantinopolitanae
1652 4321 1994 4393 imperator,“
2029 4324 2124 4381 ubi
2148 4326 2328 4383 nescio
2370 4342 2507 4397 quae
2538 4342 2632 4382 no·

510 4416 656 4473 mina
688 4415 939 4476 librarius
971 4416 1348 4487 praetermisit·

2291 4528 2323 4577 3
