3178 5113
1473 454 1902 514 ...10-

557 621 909 706 quidquam
949 622 1016 687 in
1058 621 1159 686 bis
1203 620 1416 686 verbis
1461 624 1581 703 est,
1630 618 1804 704 quod
1847 619 2216 704 scrupulum
2250 619 2513 686 iniiciat.
2569 619 2810 685 Errore

555 756 709 800 vero
754 733 1145 819 typographi
1186 732 1386 799 verba
1429 754 1471 798 a
1514 732 2063 814 „concludantur“
2106 753 2311 817 usque
2356 732 2441 798 ad
2484 732 2812 816 „gentium

558 852 683 927 et“‚
740 867 906 930 quae
959 846 1237 930 primum
1290 866 1546 911 versum
1603 845 1880 930 paginae
1940 850 2055 909 621
2118 843 2370 911 efficere
2426 844 2809 925 debuerunt,

553 960 677 1025 hoc
720 958 864 1024 loco
912 958 1293 1024 exciderunt
1311 962 1508 1042 atque
1553 957 1639 1023 ad
1680 958 1921 1023 calcem
1963 959 2239 1042 paginae
2264 961 2385 1023 622
2422 957 2701 1023 mediam
2740 957 2810 1022 in
2932 1006 2937 1013 .

557 1072 1060 1156 subsequentem
1127 1072 1468 1155 epistolam
1521 1072 1771 1136 inserta
1837 1074 2006 1136 sunt.
2119 1070 2257 1148 Quo
2326 1089 2545 1135 errore
2601 1072 2669 1135 et
2706 1068 2812 1135 hic

554 1206 792 1250 nexum
833 1204 1054 1249 rerum
1099 1185 1542 1268 orationisque
1588 1184 1847 1250 omnino
1891 1182 2347 1267 perturbatum
2391 1203 2534 1247 esse
2550 1232 2565 1262 ,
2620 1200 2809 1247 nemo

554 1317 686 1364 non
726 1296 921 1363 videt.
2690 1371 2697 1378 ·

726 1410 934 1475 Aliter
976 1410 1212 1475 tertius
1254 1409 1456 1489 locus,
1503 1409 1615 1493 qui
1660 1407 1744 1475 ad
1768 1406 2250 1474 celeberrimam
2274 1426 2537 1473 causam
2570 1407 2810 1472 Beren-
2908 1476 2919 1483 ,

556 1523 721 1608 garii
767 1521 1160 1587 Turonensis
1209 1525 1499 1606 spectat,
1569 1541 1640 1587 se
1698 1519 1941 1588 habere
1985 1520 2140 1586 mihi
2193 1518 2476 1600 videtur,
2540 1541 2687 1585 cum
2729 1517 2811 1584 de

553 1635 877 1702 industria
918 1635 1023 1700 bic
1082 1633 1403 1700 Caraffam
1447 1634 1688 1701 codicis
1719 1633 1933 1721 'verba
1987 1637 2277 1698 mutasse
2331 1632 2486 1699 mihi
2539 1653 2809 1717 persua-

475 1734 478 1741 *
556 1770 698 1814 sum
744 1749 846 1814 sit.
953 1747 1384 1832 Subsequitur
1446 1748 1617 1812 enim
1680 1747 1749 1813 in
1810 1744 2032 1812 codice
2086 1745 2403 1812 Vaticano
2470 1745 2814 1829 epistolam

562 1866 638 1926 17
683 1859 833 1926 libri
876 1861 1058 1926 tertii
1098 1858 1252 1925 fidei
1313 1860 1425 1925 illa
1481 1858 1799 1943 professio
1818 1909 1834 1939 ,
1904 1879 2069 1943 quae
2115 1878 2285 1924 anno
2337 1862 2499 1924 1079
2544 1859 2614 1923 in
2658 1879 2813 1924 con-

556 1973 701 2038 cilio
725 1972 1017 2038 Romano
1060 1972 1457 2057 Berengario
1504 1976 1766 2037 extorta
1811 1975 1929 2037 est.
2021 1971 2181 2037 Cum
2225 1970 2550 2054 scriptura
2591 1971 2659 2035 in
2704 1991 2813 2036 co-

555 2085 697 2159 dice
741 2085 952 2150 variet
995 2105 1204 2168 neque
1247 2105 1364 2150 suo
1408 2084 1556 2151 loco
1602 2084 1702 2150 vel
1746 2083 1971 2150 ordine
2014 2082 2295 2150 formula
2348 2083 2666 2149 collocata
2706 2081 2811 2162 sit,

555 2220 700 2263 eam
739 2203 893 2283 post
935 2199 1003 2263 in
1024 2203 1296 2263 vacuam
1339 2195 1489 2263 libri
1528 2198 1833 2281 paginam
1875 2197 2189 2262 insertam
2222 2216 2384 2276 esse,
2428 2215 2815 2279 persuasum

552 2309 783 2376 habeo.
870 2309 1096 2393 Neque
1140 2315 1362 2375 tamen
1414 2309 1561 2375 ideo
1603 2309 1758 2374 mihi
1800 2310 2011 2374 minus
2055 2309 2253 2392 digna
2294 2306 2580 2388 videtur,
2643 2328 2812 2391 quae

556 2424 959 2491 observetur.
1048 2423 1124 2487 In
1173 2423 1351 2488 haec
1418 2423 1588 2488 enim
1649 2421 1849 2488 verba
1913 2419 2181 2487 desinit:
2272 2420 2492 2502 „Sicut
2555 2421 2623 2486 in
2687 2420 2812 2487 1100

553 2537 736 2604 brevi
759 2536 764 2543 '
791 2536 1165 2603 continetur
1220 2539 1287 2601 et
1352 2556 1469 2620 ego
1536 2534 1666 2619 legi
1731 2538 1798 2600 et
1840 2554 1956 2601 vos
2019 2534 2408 2620 intelligitis,
2457 2534 2549 2601 sic
2593 2533 2808 2601 credo.

553 2649 690 2715 Nec
735 2654 967 2715 contra
1007 2648 1176 2714 hanc
1217 2646 1411 2713 fidem
1453 2648 1727 2714 ulterius
1772 2646 2019 2714 docebo
2064 2685 2151 2696 —-
2194 2649 2286 2714 sic
2328 2669 2431 2713 me
2477 2647 2655 2713 Deus
2695 2646 2808 2712 ad-

523 2763 729 2836 iuvet
774 2765 840 2827 et
880 2761 1044 2827 haec
1087 2782 1276 2827 sacra
1321 2761 1653 2845 evangelia
1694 2799 1778 2809 -
1823 2764 2094 2845 excepto
2154 2761 2274 2846 (sic
2290 2761 2333 2845 1)
2380 2780 2578 2826 causa
2619 2757 2804 2826 redu·

551 2874 740 2940 cendi
785 2872 871 2939 ad
891 2874 1060 2938 viam
1083 2873 1377 2938 veritatis
1425 2893 1556 2954 eos,
1600 2873 1711 2957 qui
1744 2894 1864 2957 per
1906 2895 2118 2939 meam
2163 2872 2526 2940 doctrinam
2568 2873 2651 2939 ab
2687 2873 2809 2938 hac

551 2986 679 3052 fide
721 2990 1149 3066 recesserunt,
1194 2989 1310 3051 aut
1353 2985 1718 3070 exponendi
1758 2985 1970 3066 fidem,
2016 3007 2210 3070 quam
2250 2986 2567 3052 hactenus
2609 2987 2809 3086 tenui,

552 3100 684 3180 his,
755 3099 866 3184 qui
929 3119 1031 3164 me
1074 3093 1678 3183 interrogaverint.“
1797 3098 1978 3165 Haec
2027 3098 2227 3164 verba
2278 3099 2409 3164 iam
2450 3119 2689 3183 magna
2731 3119 2810 3164 ex

552 3216 742 3296 parte
785 3212 853 3277 in
897 3210 1118 3277 codice
1155 3215 1480 3295 expuncta
1523 3215 1695 3294 sunt,
1741 3230 1951 3295 neque
1975 3231 2191 3290 causa,
2237 3232 2353 3276 cur
2374 3210 2635 3276 sublata
2660 3211 2809 3292 sint,

553 3324 708 3389 mihi
751 3325 1002 3390 incerta
1043 3323 1318 3389 videtur.
1388 3324 1634 3390 Iterum
1680 3325 1851 3390 enim
1894 3321 2168 3388 eandem
2199 3321 2542 3389 formulam
2578 3323 2812 3391 iisdem

553 3436 767 3503 verbis
809 3437 877 3502 in
922 3437 1087 3502 actis
1133 3437 1385 3503 concilii
1426 3436 1702 3503 Romani
1743 3440 1898 3520 post
1939 3436 2280 3519 epistolam
2328 3440 2405 3500 17
2449 3434 2600 3502 libri
2642 3436 2813 3502 sexti

555 3549 761 3616 codex
803 3549 1160 3615 Vaticanus
1203 3548 1422 3616 refert.
1530 3548 1674 3641 Hoc
1738 3569 1891 3615 vero
1944 3549 2089 3615 loco
2138 3548 2419 3615 formula
2460 3547 2700 3614 desinit
2740 3548 2811 3614 in

553 3662 780 3728 verba:
843 3661 1042 3743 „haec
1087 3683 1275 3729 sacra
1316 3661 1719 3746 evangelia“;
1785 3682 1950 3745 quae
1996 3663 2235 3747 excipit
2296 3661 2614 3743 „Postea“
2678 3661 2811 3727 iam

555 3779 996 3859 expunctum‚·
1009 3779 1150 3841 tum
1190 3777 1384 3842 inane
1429 3775 1713 3859 spatium
1738 3774 1951 3840 trium
1992 3796 2313 3840 versuum.
2401 3773 2479 3839 In
2519 3774 2808 3858 margine

555 3892 775 3953 autem
830 3888 1049 3954 nescio
1116 3889 1261 3972 quis
1290 3893 1549 3972 postea
1604 3887 1765 3954 haec
1809 3886 2186 3970 adscripsit:
2275 3885 2481 3968 „Tum
2534 3886 2809 3953 domnus

553 4021 727 4086 papa
766 4000 1101 4085 praecepit
1152 4000 1545 4085 Berengario
1602 4022 1681 4065 ex
1736 4000 2131 4067 auctoritate
2175 3999 2297 4065 Dei
2347 4000 2807 4083 omnipotentis

556 4117 623 4179 et
664 4117 1038 4202 sanctorum
1093 4113 1539 4198 apostolorum
1582 4113 1763 4179 Petri
1807 4116 1875 4179 et
1914 4103 2126 4193 Pauli,
2182 4116 2258 4177 ut
2301 4105 2383 4179 de'
2428 4134 2700 4198 corpore
2741 4117 2809 4179 et

556 4226 868 4310 sanguine
911 4225 1171 4292 Domini
1211 4247 1542 4311 nunquam
1584 4226 1857 4292 ulterius
1903 4247 2047 4291 cum
2090 4225 2305 4311 aliquo
2350 4226 2686 4311 disputare
2708 4228 2809 4293 vel

553 4338 835 4424 aliquem
898 4338 1137 4405 docere
1178 4337 1656 4424 praesumeret,
1717 4341 1991 4423 excepto
2059 4359 2259 4406 causa
2312 4335 2664 4405 reducendi
2722 4338 2809 4407 ad
