3178 5113
472 637 697 677 Editionis

464 706 719 746 Mansianae

524 777 665 816 locus,

439 862 558 912 291.
595 861 657 913 C.

441 967 556 1017 292.
592 965 652 1018 Β.

441 1071 559 1121 292.
599 1072 664 1120 D.

441 1175 558 1225 292.
597 1176 658 1226 Ε.

439 1278 556 1328 292.
592 1279 652 1330 Ε.

440 1382 562 1432 294.
596 1381 652 1432 C.

441 1572 557 1622 295.
596 1572 653 1626 c,

439 1676 556 1727 295.
595 1678 656 1728 E.

441 1779 559 1829 296.
574 1760 579 1765 ’

441 1884 557 1936 296.

440 1987 558 2041 296.

441 2093 557 2144 293.

441 2197 558 2247 299.

442 2300 563 2350 301.

438 2405 557 2456 301.

436 2508 556 2559 301.

437 2613 557 2665 302.

437 2716 556 2769 303.

439 2907 556 2958 303.

437 3008 555 3058 303.

435 3112 554 3176 303.

591 2905 660 3166 ,0090

437 3304 553 3356 305.
593 3305 655 3355 C.

435 3407 553 3459 306.
592 3409 654 3461 G.

433 3511 552 3561 306.
592 3512 654 3563 C.

589 3634 638 3683 A

434 3923 552 3977 309.
588 3927 655 3977 Α.

591 1779 664 2772 ῩΨΨΩΡΨΡΡῚΨΨ

1352 462 1785 524 -25—

1183 684 1336 724 Lectio

1160 753 1371 804 vulgaris.

814 873 1105 928 monemus,
1137 860 1192 912 in
1225 857 1308 912 his
1345 856 1549 913 studiis·

816 971 869 1020 et
902 965 1042 1029 istae
1077 963 1241 1017 etiam
1276 962 1519 1016 virtutes.

814 1068 1046 1123 caeleste
1081 1067 1421 1135 perduceret,
1455 1065 1614 1120 venit.

814 1189 1063 1228 coronam
1096 1169 1513 1238 incorruptibilis
1542 1169 1707 1237 regni.

814 1278 1064 1333 uberiora
1099 1290 1227 1344 erga
1260 1289 1372 1328 vos.

813 1381 880 1434 V.
917 1381 1054 1435 Non.
1100 1377 1431 1434 Novembris.

799 1572 906 1627 ubi
937 1588 1055 1626 cum
1091 1570 1224 1625 aliis.

815 1676 961 1730 VIII.
999 1675 1119 1728 Kal.
1159 1672 1489 1727 Decembris.

814 1785 1140 1848 potestatem
1175 1776 1455 1845 acceperit.

815 1884 884 1939 ad
919 1899 1162 1939 occasum
1198 1880 1329 1935 furti
1363 1879 1599 1935 festinet.

814 1989 931 2044 Deo
967 1986 1336 2056 propitiatore.

814 2108 913 2162 pro
949 2097 1005 2146 te
1039 2091 1336 2144 laborante.

814 2213 934 2252 cum
967 2202 1267 2264 tyrannum.

816 2316 979 2370 super
1013 2299 1312 2354 canonicos.

814 2404 1108 2474 apostolica
1142 2400 1500 2466 interdictum.

811 2509 1163 2580 praelibatum
1198 2494 1522 2576 episcopum.

812 2612 1066 2667 Kalendis
1100 2611 1342 2693 Aprilis.

811 2716 1157 2785 Bituricensi,
1205 2730 1306 2770 nec
1349 2730 1456 2769 non
1499 2713 1703 2768 Narbo·

879 2819 1048 2858 nens1.

810 2905 1070 2961 fidelitate
1108 2912 1162 2960 et
1197 2904 1443 2960 dominio.

812 3010 1186 3065 Maurzicense
1224 3025 1343 3063 cum
1379 3008 1634 3062 omnibus.

812 3114 1196 3169 Monasterium
1289 3112 1498 3180 quidem
1586 3111 1706 3164 Via·

883 3217 1060 3257 oense.

813 3307 966 3375 lepra
999 3311 1241 3376 puratos.

813 3425 846 3464 a
879 3410 1122 3479 pessimis
1158 3410 1286 3464 suis.

812 3514 1001 3567 timore
1038 3511 1325 3567 convictus.

810 3633 1104 3702 disciplinis
1150 3632 1468 3701 regulariter
1509 3633 1705 3687 instru-

879 3736 985 3789 ere,
1018 3735 1196 3774 mores
1233 3735 1416 3773 eorum
1433 3720 1700 3788 vitamque

877 3811 1246 3875 competenter
1276 3805 1605 3861 instruendo.

806 3928 929 3997 Qua
961 3935 1141 3983 tamen
1174 3926 1487 3982 maioritatis
1523 3933 1578 3981 et
1604 3926 1699 3981 mi-

874 4015 1119 4070 noritatis
1195 4013 1445 4069 distantia
1509 4013 1700 4082 religio

875 4100 954 4155 sic
1022 4116 1084 4154 se
1147 4105 1327 4155 movet
1396 4099 1701 4170 christiana,

873 4191 935 4240 ut
992 4201 1122 4240 cura
1192 4192 1249 4241 et
1303 4186 1700 4255 dispensatione

873 4272 1202 4341 apostolicae
1260 4272 1530 4342 dignitatis
1577 4278 1702 4341 post

874 4358 1047 4414 Deum
1080 4359 1408 4427 gubernetur
1439 4360 1608 4429 regia.

2168 684 2318 725 Lectio

2038 755 2205 793 codicis
2232 754 2454 794 Vaticani.

1792 872 2081 926 monemus,
2097 863 2159 912 ut
2191 857 2248 911 in
2269 857 2354 912 his
2378 855 2583 911 studiis.
2621 856 2688 907 H.

1794 966 1849 1016 et
1884 961 2037 1029 ipsae
2073 963 2234 1016 etiam
2264 962 2509 1016 virtutes·
2569 956 2570 959 ’

1792 1067 2072 1121 *caeleste
2105 1065 2411 1132 reduceret,
2445 1064 2607 1118 venit.

1793 1186 2042 1225 coronam
2062 1168 2490 1237 incomparabilis
2519 1168 2687 1236 regni.

1791 1274 2080 1328 *uberiora
2115 1274 2231 1328 eius
2267 1287 2397 1340 erga
2432 1286 2540 1325 vos.

1794 1377 1886 1432 IV.
1955 1377 2092 1432 Non.
2146 1376 2460 1461 Novembris
2533 1374 2685 1442 (Cod.

1864 1464 1990 1514 Μαί.
2029 1464 2124 1517 ΙΠ.
2160 1464 2297 1518 Non.
2337 1462 2505 1529 Nov.)

1793 1568 1885 1622 ubi
1920 1585 2041 1622 cum
2074 1567 2141 1622 de
2175 1567 2309 1622 aliis.

1793 1671 1912 1725 VII.
1951 1672 2071 1725 Kal.
2107 1670 2434 1726 Decembris-

1792 1781 2115 1846 potestatem
2150 1775 2434 1844 accipiunt.

1794 1874 1865 1934 ad
1888 1895 2130 1935 occasum
2147 1879 2329 1934 furtim
2345 1870 2581 1935 festinet.
2621 1879 2688 1930 H.

1794 1985 1911 2039 Deo
1946 1983 2291 2053 propitiante.

1792 2104 1893 2158 pro
1925 2095 1982 2143 te
2013 2070 2336 2143 laborantes.

1793 2209 1914 2247 cum
1945 2198 2007 2246 ut
2040 2199 2338 2261 tyrannum.

1793 2313 1956 2366 super
1990 2297 2391 2352 concanonicos.

1793 2400 2092 2470 apostolica
2124 2401 2220 2455 tibi
2252 2399 2612 2454 interdictum-

1793 2505 2176 2574 supralibatum
2213 2505 2535 2574 episcopum.

1791 2610 1885 2665 IX.
1922 2610 2046 2664 Kal.
2085 2609 2301 2679 Aprilis,

1792 2714 2136 2782 Bituricensi‚
2170 2712 2520 2775 Narbonensi.

1793 2905 2051 2961 fidelitate
2088 2912 2143 2960 et
2175 2904 2425 2959 hominio.

1792 3009 2191 3064 Maurciazense
2227 3024 2345 3061 cum
2382 3007 2638 3062 omnibus.

1793 3114 2180 3169 Monasterium
2247 3111 2458 3180 quidem
2522 3112 2683 3165 Vian-

1860 3215 2039 3255 cense.

1789 3305 1944 3374 lepra
1979 3311 2210 3359 curatos.

1790 3409 1863 3462 *a
1895 3409 2139 3477 pessimis
2172 3406 2293 3462 filiis
2327 3408 2454 3462 suis.

1751 3523 1762 3534 ⁸
1790 3512 1979 3567 timore
2016 3511 2305 3567 devinctus,

1789 3633 2077 3703 disciplinis
2094 3634 2430 3703 regularibus
2453 3635 2680 3688 instrue·

1855 3736 1931 3790 re,
1965 3737 2140 3776 mores
2188 3737 2373 3775 eorum
2416 3721 2681 3789 vitamque

1853 3814 2221 3876 competenter
2253 3808 2602 3863 instituendo.

1784 3927 1969 3997 *Quas
2026 3936 2208 3985 tamen
2262 3931 2581 3986 maioritatis
2628 3938 2684 3986 et

1852 4016 2167 4072 minoritatis
2202 4017 2452 4072 distantia
2493 4018 2686 4087 religio

1854 4101 1930 4157 sic
1972 4110 2208 4158 semovet
2251 4104 2564 4174 christiana,
2620 4110 2684 4159 ut

1856 4205 1984 4244 cura
2019 4197 2075 4245 et
2109 4190 2505 4259 dispensatione
2554 4207 2682 4260 apo·

1856 4275 2048 4331 stolica
2082 4275 2311 4346 dignitas
2346 4282 2471 4346 post
2505 4276 2678 4332 Deum

1856 4363 2185 4431 gubernetur
2217 4364 2383 4433 regia.
2422 4364 2679 4432 („ap0⁸to-
