3178 5113
1524 451 1951 513 ..14-

605 619 828 685 notavi
867 617 1199 700 lectiones,
1244 638 1411 702 quae
1448 619 1517 684 in
1559 618 1852 687 Caraffae
1896 619 2179 686 editione
2223 639 2369 687 cum
2413 621 2633 689 codice
2669 621 2861 689 Vati-

606 752 768 798 cano
815 732 1221 812 conveniunt,
1265 730 1488 797 littera
1530 733 1614 795 H
1629 732 1963 799 Harduini'
1992 734 2398 800 coniecturas
2439 736 2582 819 ipso
2628 737 2860 803 codice

606 843 1040 909 confirmatas.
1122 842 1554 926 Quaecunque
1599 845 1684 910 ad
1728 831 1945 912 solam*
1998 847 2528 931 orthographiam
2593 853 2857 932 specta-

603 955 767 1038 bant
791 957 858 1041 ¹),
902 961 1017 1035 aut
1047 977 1181 1021 non
1201 957 1372 1021 tanti
1392 955 1795 1039 videbantur,
1841 962 1916 1023 ut
1959 958 2043 1023 ad
2085 979 2223 1024 rem
2266 959 2615 1044 quidquam
2637 960 2854 1027 effice-

603 1073 752 1132 rent
768 1069 845 1152 ²),
889 1068 1014 1134 hoc
1053 1069 1200 1134 loco
1236 1068 1823 1151 praetermittenda
1865 1062 2254 1137 arbitrabar.
2322 1072 2498 1151 Quae
2542 1075 2610 1139 in
2654 1073 2853 1139 Muti-

602 1180 790 1245 nensi
831 1180 1052 1246 codice
1106 1203 1251 1246 cum
1295 1181 1615 1248 Vaticano
1658 1182 2030 1265 concinant,
2098 1182 2454 1269 designare
2493 1187 2852 1294 supersedi,

604 1313 748 1358 cum
789 1314 869 1358 ex
910 1295 1057 1378 ipsa
1098 1293 1382 1360 editione
1426 1272 1768 1391 Mansiana
1805 1294 2102 1361 facillime
2143 1297 2424 1381 perspici
2465 1299 2738 1382 possint.

637 1586 865 1627 fiditionis

628 1655 885 1696 Haunianae
1345 1640 1500 1681 L⁸⁰ti⁰
2327 1643 2480 1684 &⁶5⁰

687 1725 702 1762 1
706 1736 830 1764 ooooo
837 1774 842 1780 ¹
1322 1711 1533 1761 vulgaris.
1696 1736 1707 1748 .
2189 1713 2361 1754 codicis
2388 1712 2613 1754 Vaticani.

634 1810 719 1862 ει.
757 1812 863 1950 a}
977 1811 1073 1865 xl.
1107 1810 1377 1867 Kalendas
1411 1812 1561 1866 Maii.
1957 1810 2121 1875 vm.
2154 1813 2422 1870 Kalendas
2456 1815 2607 1870 Maii.
2694 1800 2849 1883 (car.

633 1895 715 1948 62.
754 1897 799 1947 Β
2026 1897 2124 1951 ΙΧ.
2162 1898 2315 1965 Kal.)

631 2000 716 2051 62.
754 2001 817 2054 E.
976 2005 1150 2055 totum
1183 2002 1239 2055 in
1272 2007 1451 2070 portu.
1770 2062 1775 2071 ι
1955 2006 2131 2056 tutum
2162 2003 2218 2057 in
2251 2009 2428 2071 portu.
2498 2003 2566 2055 H.

630 2103 714 2154 63.
750 2103 813 2156 Β.
972 2105 1091 2172 regi
1123 2104 1412 2160 Danorum.
1957 2103 2116 2159 Svein
2138 2107 2266 2175 ‘regi
2301 2107 2588 2178 Danorum.

632 2207 717 2258 63.
754 2206 817 2258 Β.
971 2207 1221 2276 inceptis.
1953 2207 2009 2261 in
2042 2210 2288 2264 caeteris.

633 2311 716 2366 64.
754 2311 814 2364 Β.
972 2317 1277 2371 nostrorum
1349 2313 1562 2368 nomine
1620 2312 1869 2369 iudicavi·
1953 2317 2257 2367 nostrorum
2289 2315 2552 2369 neminem
2596 2314 2848 2373 iudicavi-

1042 2413 1177 2453 mus.
2021 2414 2155 2454 mus.
2224 2398 2293 2451 Η.

634 2501 717 2552 65.
753 2501 821 2556 D.
975 2502 1214 2558 caritatis
1246 2500 1461 2558 affectu.
1958 2503 2197 2574 caritatis
2229 2502 2410 2561 affatu.

635 2607 720 2657 67.
757 2606 820 2658 Β.
973 2612 1158 2662 nostra
1191 2608 1379 2662 salute.
1956 2605 2061 2660 *de
2094 2613 2280 2661 nostra
2314 2607 2505 2663 salute.

634 2710 717 2764 69.
752 2710 815 2762 Β.
976 2710 1298 2766 carissimae.
1953 2709 2292 2766 clarissimae.
2437 2752 2441 2758 .

633 2813 717 2865 69.
758 2813 814 2867 Β.
974 2812 1121 2867 V111.
1156 2814 1425 2870 Kalendas
1457 2813 1613 2868 Iunii.
1904 2879 1908 2885 ,
1955 2811 2101 2866 VIII.
2139 2814 2260 2867 Kal.
2297 2812 2437 2869 Iulii.

632 2919 714 2969 71.
754 2917 813 2970 C.
888 2939 892 2944 ·
971 2918 1028 2971 in
1062 2918 1454 2988 Longobardia.
1951 2917 2178 2973 maxime
2221 2918 2277 2972 in
2310 2918 2703 2987 Longobardia.

632 3020 717 3071 73.
754 3021 814 3073 C.
968 3021 1193 3075 inveniri
1225 3023 1416 3090 possit.
1947 3020 2169 3075 inveniri
2204 3037 2314 3077 non
2347 3024 2535 3091 possit.

600 3102 715 3177 '‘14.
751 3128 818 3178 A.
971 3125 1199 3180 Larmir.
1429 3106 1432 3112 ’
1556 3121 1561 3126 ’
1950 3124 2155 3179 larmir.

630 3230 712 3280 75.
753 3231 820 3281 Δ.
968 3231 1339 3298 patrocinium.
1890 3286 1897 3292 ,
1949 3228 2193 3296 primum·

629 3334 711 3386 76.
749 3338 815 3387 A.
841 3334 901 3389 Β.
978 3334 1098 3387 Vide
1133 3351 1287 3401 supra
1311 3353 1368 3404 p.
1407 3317 1453 3386 8.
1490 3334 1541 3387 9.

627 3663 684 3727 1)
720 3661 878 3716 Ratio
935 3660 1199 3716 scribendi
1251 3661 1307 3716 in
1350 3660 1530 3716 codice
1581 3659 1817 3715 adhibita
1858 3660 2041 3716 eadem
2089 3668 2199 3732 est,
2256 3676 2391 3729 quae
2445 3661 2590 3716 circa
2647 3675 2844 3717 annum

732 3758 867 3807 1100
900 3757 1157 3811 communi
1189 3758 1247 3811 in
1278 3773 1380 3811 usu
1415 3762 1554 3827 erat,
1609 3772 1782 3824 neque
1817 3756 2098 3826 quidquam
2140 3756 2254 3810 fere
2289 3756 2556 3825 singulare
2591 3757 2842 3812 occurrit.

727 3852 885 3906 Locis
930 3851 1103 3906 allatis
1159 3852 1595 3921 orthographiam
1648 3850 1845 3907 codicis
1899 3852 2237 3920 retinuimus,
2279 3858 2657 3920 praeterquam
2698 3850 2841 3920 quod

724 3962 790 4001 ae
824 3948 1095 4015 posuimus
1127 3962 1227 4015 pro
1264 3963 1294 4002 e
1330 3963 1451 4002 cum
1484 3939 1689 4015 virgula
1722 3947 1980 4002 subiecta.

549 4064 554 4069 ’
626 4069 685 4134 2)
722 4068 1045 4124 Conversum
1093 4069 1374 4124 verborum
1434 4068 1672 4125 ordinem
1716 4051 2027 4138 plerumque
2073 4066 2329 4123 adnotare
2378 4068 2659 4126 noluimus.
2729 4068 2836 4123 Ne-

725 4179 827 4231 que
884 4180 1079 4233 operae
1137 4165 1369 4233 pretium
1429 4163 1708 4219 videbatur
1762 4163 1995 4231 referre,
2051 4163 2296 4231 quotiens
2341 4163 2661 4227 „Dominus“
2718 4179 2836 4219 cum

726 4258 957 4330 „Deus“,
994 4259 1111 4324 »εί-ἶ·
1157 4277 1277 4317 cum
1311 4259 1435 4331 „ac“
1480 4260 1566 4316 vel
1611 4257 1867 4330 „atque“,
1912 4274 2031 4346 cum
2074 4257 2190 4315 aliis
2233 4259 2339 4315 alia
2382 4258 2586 4316 leviora
2628 4273 2838 4327 permu-

723 4360 839 4411 tata
870 4363 1065 4419 essent.
