3178 5113
358 663 584 705 Editionis

342 734 596 773 Mansianae

402 803 542 841 locus.

316 891 433 942 254.
473 892 540 939 A.

318 1080 437 1129 254.
473 1077 538 1128 Β.

318 1268 435 1318 254.
476 1266 534 1319 Β.

318 1373 437 1422 254.
478 1370 578 1502 D.}

319 1462 434 1512 255.
468 1461 532 1511 Β.

320 1563 437 1616 256.
472 1565 540 1613 D.

319 1756 436 1806 257.
472 1756 539 1805 A.
599 1784 602 1789 ·

325 1858 443 1908 257.
481 1858 544 1909 Ε.

321 2139 439 2188 258.
475 2137 539 2187 0.

324 2327 440 2379 258.
476 2325 544 2376 D.

326 2430 443 2479 260.
485 2427 552 2479 Α.

322 2533 441 2587 261.
481 2536 543 2581 Α.

323 2637 438 2686 261.
478 2642 543 2685 Δ.

327 2742 445 2791 261.

326 2844 446 2893 261.

480 2740 557 2923 ..052

304 3023 308 3028 ’
331 3029 445 3082 261.

328 3135 444 3185 262.

326 3237 444 3288 264.

479 3030 548 3289 Ξ>ΨΕ4

329 3426 447 3477 265.

327 3546 446 3599 266.

484 3426 554 3595 5⁹5³

330 3734 445 3785 266.
485 3733 543 3784 O.

333 3838 447 3887 266.
485 3838 545 3889 C.

334 3942 449 3990 268.
485 3941 546 3990 Β.

334 4043 448 4093 269.
485 4043 551 4094 D.

333 4167 451 4215 270.
489 4164 555 4215 D.

331 4371 451 4420 271.
487 4374 554 4422 A.

1235 478 1654 539 „23—

1064 707 1217 745 Lectio

1039 775 1233 825 vulgaris
1242 803 1252 813 .

690 885 807 954 pati
839 887 1122 951 nequeant,
1156 878 1253 934 sed
1293 892 1392 932 nec
1428 875 1587 930 etiam

757 971 937 1026 videre
972 967 1198 1038 possint.

691 1076 942 1130 miserere
976 1072 1096 1140 mei,
1130 1068 1373 1137 Domine,
1410 1065 1546 1134 quia.

687 1263 805 1320 Nec
839 1258 971 1317 illud
1013 1259 1310 1315 obliviscor.

690 1427 875 1475 noster
908 1417 1131 1472 Evetius
1167 1413 1437 1469 Dolensis.

690 1562 1041 1627 procurarent
1103 1555 1161 1619 in
1228 1551 1436 1606 irritum
1496 1546 1589 1602 du-

764 1660 903 1699 cere.

697 1748 912 1816 Capuae
949 1745 1206 1802 Kalendis
1242 1742 1396 1797 Iunii.

698 1852 1030 1921 suffraganeo
1110 1864 1303 1918 papam
1392 1845 1589 1912 Grego-

764 1955 915 1993 num.

697 2133 891 2196 agatur
910 2168 924 2195 ,
1023 2122 1449 2193 tergiversationi
1537 2125 1594 2174 et

769 2213 943 2282 fugae·

703 2315 1128 2372 commemoratis
1160 2313 1430 2369 iratribus.

702 2420 891 2476 soliciti
927 2420 1125 2474 etenim
1158 2435 1350 2473 sumne.

699 2524 974 2581 contendit
1004 2523 1235 2579 infamia.

698 2631 1018 2699 episcopum
1054 2628 1385 2697 culpabilem.

699 2734 877 2789 Sutrii.
1072 2722 1075 2725 ’

698 2837 909 2891 Brutuli
964 2833 1078 2889 filil*
1113 2835 1218 2889 mei
1264 2840 1319 2889 et
1367 2832 1596 2887 filiorum

768 2923 992 2977 Brutuli.

704 3026 972 3081 cumberti
1009 3024 1370 3079 Taurinensis.

702 3130 824 3197 quia
860 3146 995 3199 eum,
1032 3128 1120 3197 qui
1156 3129 1421 3182 iniustam.

704 3232 1105 3288 Taruennensis
1186 3232 1450 3286 ecclesiae
1521 3231 1597 3283 Ir-

771 3321 985 3389 nolpho.

706 3425 969 3480 ecclesiae
1006 3430 1223 3478 nostrae
1255 3421 1500 3476 instituit.

707 3544 1025 3613 Landulpho
1061 3545 1257 3598 Pisano
1295 3544 1529 3609 suisque.

704 3750 838 3803 quae
874 3734 1049 3790 divina
1082 3733 1285 3801 pietate
1320 3747 1433 3800 per.

705 3840 793 3907 qui
837 3838 1032 3893 dicitur
1071 3834 1461 3890 Schannellum.

703 3942 769 3997 de
806 3942 1024 4012 dissidio
1062 3940 1213 4009 regni
1247 3938 1405 3992 illius.

706 4051 864 4113 pater
897 4050 1085 4098 noster
1120 4060 1180 4098 re
1221 4057 1361 4096 vera.

706 4166 763 4219 in
815 4179 996 4217 amore
1054 4164 1200 4217 Petri
1261 4169 1315 4217 et
1368 4161 1604 4217 solicitu-

781 4250 923 4304 dine.

709 4385 811 4428 nec
845 4369 1083 4444 praemio
1118 4386 1217 4428 nec
1255 4369 1458 4428 favore.

2048 685 2198 727 Lectio

1838 797 1842 800 Α
1919 757 2088 797 codicis
2115 753 2336 803 Vaticani.

1673 865 1790 935 pati
1823 867 2106 932 nequeunt,
2142 857 2239 926 sed
2270 871 2373 910 nec
2410 853 2569 908 etiam

1741 951 1922 1005 videre
1957 951 2199 1017 possunt.

1674 1057 1929 1112 miserere
1964 1050 2140 1119 michi,
2158 1046 2408 1114 Domine,
2443 1057 2568 1111 quo-

1745 1159 1902 1198 mam.

1674 1249 1789 1302 Nec
1822 1245 1966 1300 illius
2003 1239 2300 1322 obliviscor.

1673 1409 1858 1459 noster
1890 1401 2107 1455 Evenus
2141 1394 2406 1452 Dolensis.

1675 1548 1964 1614 procurent
2000 1541 2055 1593 in
2101 1538 2312 1593 irritum
2349 1533 2561 1588 ducere.

1675 1734 1856 1802 Capue
1890 1689 2147 1785 Kalendis
2178 1724 2318 1780 Iulii.

1674 1822 2009 1904 suffraganeo
2078 1837 2322 1886 sanctum
2375 1841 2569 1896 papam

1748 1923 2063 1991 Gregorium
2151 1915 2313 1982 (Car.·
2382 1929 2568 1969 secun·

1747 2010 1918 2076 dum).

1676 2119 1905 2184 *agatur
1978 2106 2420 2179 tergiversatione
2433 2145 2448 2172 ,
2516 2109 2572 2158 et

1745 2202 1921 2270 fugae.

1676 2304 1980 2363 memoratis
2011 2299 2281 2355 fratribus.

1676 2411 1894 2467 solliciti
1927 2406 2121 2463 etenim
2155 2403 2367 2458 fuimus.

1679 2513 1947 2572 contendit
1985 2509 2272 2565 infamiam.

1680 2621 1988 2689 episcopum
2020 2612 2407 2681 inculpabilem.

1683 2724 1865 2779 Sutrio
1903 2720 2049 2786 (Car.
2090 2717 2307 2782 Sutris).

1682 2827 1899 2904 Brittuli
1955 2822 2053 2878 filii
2092 2821 2200 2875 mei
2246 2828 2299 2875 et
2344 2818 2573 2873 filiorum

1750 2912 1982 2968 Brittuli.
2343 2979 2347 2987 Ι

1685 3017 1959 3073 Cuniberti
1996 3011 2359 3068 Taurinensis.

1684 3124 1808 3191 quia
1841 3122 1895 3174 in
1932 3135 2052 3174 eum
2067 3160 2080 3187 ,
2116 3117 2205 3184 qui
2238 3116 2501 3170 iniustam.

1685 3224 2081 3281 Taruannensis
2148 3219 2406 3275 ecclesiae
2475 3218 2575 3271 Er-

1752 3311 1916 3366 nolfo.

1687 3417 1945 3471 ecclesiae
1980 3421 2190 3472 vestrae
2226 3412 2473 3468 instituit.

1685 3530 1998 3591 *Landulfo
2060 3535 2255 3590 Pisano
2318 3533 2575 3601 episcopo

1754 3639 1986 3691 Smsque·

1686 3730 1860 3796 *quae
1898 3726 2075 3781 divina
2109 3725 2285 3794 pietas
2319 3739 2436 3792 per.

1689 3832 1777 3900 qui
1813 3831 2013 3900 dicitur·
2042 3829 2355 3884 Scanellum.

1690 3934 1756 3989 de
1793 3933 2017 3989 discidio
2051 3932 2202 4002 regni
2237 3931 2397 3985 illius.

1687 4045 1844 4107 pater
1876 4044 2056 4092 vester
2086 4053 2145 4090 re
2181 4050 2323 4089 vera.
2358 4034 2426 4092 H.

1688 4161 1745 4213 in
1803 4174 2036 4212 amorem
2087 4157 2257 4212 sancti
2315 4156 2465 4211 Petri
2529 4163 2584 4212 et

1759 4243 2188 4299 sollicitudinem.

1692 4382 1792 4420 nec
1827 4364 2035 4430 praetio
2073 4380 2173 4420 nec
2206 4365 2411 4420 favore.
