3178 5113
1265 465 1692 527 ..41-

345 629 603 694 restitui
645 635 896 714 potest:
966 653 1007 697 a
1048 633 1269 698 multis
1315 634 1558 700 sanctis
1623 633 1923 719 patribus
1977 638 2131 700 olim
2176 654 2306 718 pro
2353 657 2601 702 excom-

341 745 682 805 municatis
721 743 1125 808 habebantur.

510 879 760 945 Eodem
824 886 959 947 loco
1025 883 1136 969 (M.
1187 888 1308 949 297
1354 883 1479 969 Α..)
1571 885 1710 966 „Ex
1762 886 1885 952 hoc
1928 908 2159 970 nempe
2205 908 2400 972 saepe
2466 890 2600 955 vol-

339 993 683 1059 ventibus“
727 999 848 1060 etc.
929 995 1177 1062 Malim:
1226 1018 1346 1078 „ex
1367 997 1490 1063 hoc
1532 1019 1782 1082 nempe,
1831 1001 2002 1083 quod
2042 1000 2225 1064 nobis
2247 1022 2441 1085 saepe
2462 1002 2600 1068 vol-

342 1106 705 1173 ventibu8.“

511 1245 583 1312 L.
632 1247 769 1313 VH.
816 1269 914 1332 ep.
968 1254 1042 1313 17
1094 1248 1227 1336 (M.¹
1254 1253 1376 1314 302
1415 1249 1539 1334 A.).
1609 1248 1784 1329 „Nos
1831 1251 2054 1336 itaque
2097 1252 2284 1318 iuxta
2325 1252 2602 1319 fratrum

345 1366 719 1428 nostrorum
764 1383 1150 1428 consensum
1216 1367 1415 1446 atque
1462 1362 1832 1444 consilium,
1874 1363 2069 1447 quod
2113 1385 2312 1449 supra
2363 1366 2600 1432 libera-

346 1472 483 1540 tum
526 1478 644 1555 est,
692 1474 1169 1557 confirmantes,
1215 1475 1600 1540 mandamus
1649 1474 1828 1541 vobis
1850 1480 2068 1567 >‚atque
2103 1480 2602 1563 praecipimu8.“

344 1586 796 1668 „Liberatum“
845 1587 930 1652 ad
971 1587 1166 1654 fidem
1224 1588 1467 1654 codicis
1514 1588 1817 1654 Vaticani
1865 1588 2152 1670 Caraffa,
2198 1579 2600 1675 posteriores

344 1698 627 1765 editores
675 1706 1099 1766 correxerunt
1163 1700 1692 1782 „deliberatum“.
1784 1682 1932 1768 'Sed
1990 1702 2258 1766 libatum
2315 1703 2600 1771 scriben-

348 1810 494 1878 dum
540 1816 661 1878 est.

509 1943 583 2009 L.
633 1943 768 2008 VH.
819 1965 919 2029 ep.
968 1949 1043 2010 19
1095 1943 1206 2031 (M.
1251 1947 1373 2010 303
1419 1945 1545 2028 A.).
1646 1942 1945 2024 „Clamor
1996 1944 2262 2029 ‚abbatis
2308 1947 2600 2015 Aurelia-

327 2046 551 2122 'censis
597 2056 910 2138 coenobii,
979 2056 1154 2142 quod
1212 2057 1460 2141 proprii
1509 2057 1670 2122 iuris
1724 2055 1905 2123 beati
1946 2057 2127 2122 Petri
2181 2062 2599 2127 concessione

342 2167 737 2250 fundatoriS,
785 2169 1031 2235 scilicet
1088 2168 1267 2234 beati
1312 2168 1594 2249 Giraldi,
1664 2189 1807 2234 esse
1840 2169 2264 2251 dinoscitur,
2332 2173 2599 2239 auribus

347 2283 592 2348 nostris
633 2284 938 2364 insonuit,
983 2282 1284 2349 videlicet
1330 2303 1527 2366 super
1571 2266 1961 2369 quibusdam
2003 2285 2320 2367 personis,
2369 2287 2479 2370 qui
2501 2287 2599 2351 in-

346 2394 518 2460 iuste
563 2394 853 2461 detinent
915 2395 1231 2462 beneficia
1259 2454 1268 2463 .
1292 2395 1614 2481 praedicti
1677 2396 2056 2461 monasterii
2106 2396 2283 2480 apud
2326 2419 2367 2462 a
2408 2418 2599 2482 prae-

343 2507 795 2576 decessoribus
864 2510 997 2575 suis
1066 2509 1186 2576 sub
1250 2509 1569 2576 fidelitate
1616 2512 1683 2575 et
1725 2508 2008 2575 hominio
2053 2531 2174 2594 pro
2220 2508 2592 2577 defensione

345 2622 652 2688 ecclesiae
719 2643 875 2688 suae
943 2622 1067 2688 sibi
1132 2630 1200 2688 et
1255 2625 1390 2688 suis
1456 2622 1984 2690 antecessoribus
2030 2624 2181 2689 <ssim
2225 2630 2596 2690 concessa.“

343 2732 599 2800 Caraffa
643 2736 862 2800 omisit
907 2734 1192 2819 „apud“;
1240 2757 1370 2821 quo
1415 2736 1726 2801 restituto
1772 2718 2203 2801 adiiciendum
2248 2740 2350 2802 est
2389 2756 2476 2801 se.

511 2873 581 2939 L.
628 2873 766 2939 VH.
812 2895 910 2958 ep.
959 2878 1039 2939 23
1087 2875 1199 2961 (M.
1245 2879 1368 2942 306
1410 2874 1535 2958 Ε.).
1609 2873 1794 2955 „Non
1839 2875 2048 2941 solum
2094 2879 2330 2956 autem,
2378 2874 2599 2960 sedet

344 2988 413 3053 in
454 2986 575 3054 hoc
618 2987 861 3054 mundo
928 2986 1049 3053 tibi
1114 2992 1190 3056 et,
1236 2981 1586 3053 heredibus
1627 2987 1760 3051 tuis
1803 2981 2107 3069 victoria,
2173 2988 2411 3070 honor,
2478 3009 2597 3073 po-

343 3101 585 3180 tentia,
650 3100 1013 3182 sublimitas
1059 3100 1333 3185 amplius
1380 3100 1653 3165 coelitus
1710 3098 2097 3165 tribuetur.“
2187 3100 2291 3167 Sic
2337 3101 2598 3167 Vatica-

337 3232 465 3277 nus
513 3225 864 3296 omnesque
910 3212 1226 3293 editoreS,
1290 3212 1526 3277 lacuna
1568 3232 1890 3295 nusquam
1932 3217 2184 3278 notata.
2276 3212 2403 3280 Sed
2446 3219 2600 3298 post

342 3329 643 3405 „autem“
705 3323 1112 3391 exciderunte
1177 3327 1249 3388 in
1303 3328 1474 3417 qoelo
1514 3324 1897 3406 yloriaberzzs
1953 3324 2054 3391 vel
2107 3326 2236 3391 alia
2292 3328 2608 3410 eiusmodi

342 3436 582 3504 verba.-

518 3565 590 3631 L.
637 3566 774 3632 VH.
823 3588 920 3651 ep.
969 3571 1049 3632 26
1098 3567 1209 3652 (M.
1255 3549 1377 3634 309
1425 3567 1548 3652 E.).
1640 3566 1857 3647 „Haec
1902 3571 1970 3633 et
2023 3568 2122 3633 his
2180 3568 2412 3634 similia
2456 3555 2607 3635 ate

339 3699 616 3744 munera
659 3683 995 3763 optamus;
1039 3684 1116 3744 ut
1160 3681 1419 3764 integra
1467 3685 1536 3745 et
1579 3680 1851 3764 simplici
1895 3680 2157 3764 diligas,
2200 3680 2608 3748 nobilitatem

337 3795 529 3857 tuam
569 3811 915 3876 precamur
930 3842 945 3873 ,
1013 3790 1254 3857 dilecta
1297 3792 1597 3858 obtineas
1620 3842 1636 3872 ,
1682 3791 1909 3859 habita
1950 3814 2282 3878 nunquam
2327 3793 2606 3860 derelin-

337 3909 571 3988 quas.“
643 3903 831 3969 Hanc
852 3904 1153 3970 Vaticani
1194 3899 1553 3972 lectionem
1578 3904 1835 3971 Caraffa
1874 3906 2162 3987 retinuit,
2207 3907 2606 3989 posteriores

339 4015 634 4082 editores
677 4039 797 4101 pro
842 4018 1193 4101 „simplici“
1240 4022 1666 4084 correxerunt
1705 4018 2117 4103 „simplicia“.
2230 4017 2450 4084 Verba
2493 4018 2606 4084 de-

333 4132 738 4213 pravarunt,
808 4150 938 4195 non
1003 4128 1449 4195 emendarunt.
1573 4130 1926 4215 Gregorius
1994 4130 2164 4196 enim
2228 4130 2606 4197 Mathildem

336 4242 669 4323 hortatur,
713 4244 789 4307 ut
832 4242 1107 4307 virtutes
1152 4242 1399 4328 diligat,
1443 4263 1607 4326 quas
1652 4247 1807 4308 ante
1851 4242 2341 4326 commendavit.
2435 4243 2604 4310 Scri-

336 4353 631 4427 bendum
675 4359 778 4421 est
821 4353 1134 4442 „simplici
1175 4361 1442 4424 mente“.
