3178 5113
1469 402 1854 462 -8-

537 570 762 654 populi
806 569 1122 635 Romani“
1180 572 1352 654 typis
1408 571 1774 655 exscriptus
1830 571 1897 638 in
1940 570 2266 655 publicum
2304 571 2562 655 prodiit.
2652 570 2801 645 Pri,-

538 703 711 747 mam
755 681 925 747 hanc
970 680 1320 747 editionem
1366 685 1788 767 epistolarum
1828 683 2331 769 pontificiarum,
2378 705 2543 768 quae
2586 704 2801 769 usque

541 794 626 859 ad
683 793 979 877 Gregorii
1038 794 1173 859 VH.
1242 799 1525 860 aetatem
1577 796 1896 880 perducta
1958 801 2088 877 est,
2154 799 2473 867 Antonius
2539 795 2802 862 Caraffa

543 905 606 971 S.
631 905 706 971 R.
731 906 805 970 E.
829 904 1363 972 bibliothecarius
1406 908 1860 990 adornaverat,
1904 914 1971 975 et
2009 909 2204 994 paulo
2244 914 2397 993 post
2442 911 2578 974 eius
2621 928 2797 972 mor-

541 1022 676 1082 tem
734 1018 1058 1083 Antonius
1115 1019 1403 1103 Aquinas
1478 1021 1742 1087 iubente
1810 1022 2122 1107 Gregorio
2189 1021 2357 1089 XIV.
2423 1021 2801 1087 absolutum

545 1152 708 1214 opus
749 1130 928 1196 foras
975 1130 1179 1197 edidit
1207 1134 1271 1216 ¹).
1346 1132 1618 1214 Caraffa,
1667 1156 1810 1200 cum
1856 1135 1935 1200 de
1982 1134 2231 1201 edendo
2278 1135 2575 1218 Registro
2623 1133 2800 1215 cogi-

543 1247 751 1325 taret,
810 1244 1055 1327 optimo
1101 1244 1360 1327 quidem
1410 1246 1518 1311 illo
1567 1246 1816 1327 codice,
1884 1268 2323 1331 quem,supra
2374 1245 2801 1324 laudavimuS,

546 1357 786 1440 quique
826 1356 894 1420 in
934 1355 1262 1422 tabulario
1295 1358 1614 1425 Vaticano
1661 1361 1719 1426 ei
1762 1363 2028 1442 praesto
2067 1363 2227 1439 erat,
2272 1379 2430 1424 usus
2476 1360 2637 1437 erat,
2684 1358 2805 1423 sed

545 1489 708 1552 opus
751 1468 1193 1551 praecipitans
1249 1491 1290 1534 a
1339 1472 1691 1555 negligenti
1748 1472 2030 1554 quodam
2074 1476 2141 1536 et
2189 1472 2487 1555 imperito
2532 1468 2802 1535 librario

547 1580 834 1647 codicem
879 1581 1232 1647 transcribi
1285 1584 1585 1649 iusserat.
1674 1584 2056 1649 Mendosum
2110 1583 2233 1650 hoc
2275 1582 2634 1664 exemplum
2677 1601 2802 1664 pro

546 1692 734 1759 dolor
799 1692 1290 1758 fundamentum
1354 1696 1600 1777 primae
1667 1697 2060 1761 recensionis
2119 1699 2282 1760 erat.
2371 1694 2509 1773 Quo
2556 1693 2806 1758 factum

547 1810 666 1886 est,
712 1808 789 1870 ut
834 1825 1296 1895 saepenumero
1344 1808 1598 1889 singula
1642 1807 1840 1873 verba
1884 1812 1999 1872 aut
2041 1810 2450 1873 mutarentur
2472 1810 2587 1871 aut
2607 1805 2814 1889 plane‘

548 1920 1034 1998 omitterentur,
1114 1918 1443 1984 interdum
1500 1942 1733 1985 versus
1807 1921 2044 2003 integri
2112 1921 2180 1985 in
2247 1918 2527 1984 alienum
2588 1918 2807 1983 locum

546 2035 1136 2114 transponerentur
1180 2037 1296 2097 aut
1332 2035 1589 2098 omnino
1638 2033 2028 2113 exciderent,
2076 2033 2184 2098 alii
2226 2031 2598 2114 frequentes
2623 2049 2804 2094 erro-

546 2165 653 2209 res
695 2143 1216 2225 admitterentur,
1263 2148 1372 2229 qui
1418 2144 1640 2211 codice
1684 2167 1814 2210 non
1838 2144 2130 2210 adhibito
2176 2165 2368 2228 aegre
2414 2163 2454 2207 a
2476 2161 2806 2226 quoquam

549 2238 785 2340 corrigi
827 2260 1117 2338 possent.
1205 2258 1438 2322 Mirum
1482 2257 1776 2341 profecto
1824 2261 1942 2336 est,
1988 2257 2165 2341 quod
2207 2255 2462 2322 Caraffa
2505 2274 2804 2320 nonnun-

550 2390 745 2454 quam
789 2370 976 2452 quasi
1018 2391 1169 2434 suas
1216 2371 1624 2435 coniecturas
1669 2369 1943 2453 margini
1987 2368 2333 2451 adscripsit
2373 2367 2590 2448 verba,
2637 2386 2804 2450 quae

550 2483 636 2548 ad
677 2483 968 2548 litteram
1030 2503 1174 2546 cum
1239 2483 1381 2566 ipsa
1447 2482 1687 2547 codicis
1741 2481 2020 2547 lectione
2077 2480 2494 2561 conveniunt3
2561 2500 2690 2564 qua
2732 2498 2804 2543 re

551 2618 696 2661 eum
739 2595 987 2660 librarii
1032 2596 1153 2680 sui,
1197 2617 1329 2661 non
1374 2575 1614 2661 codicis
1659 2600 2094 2660 correctorem
2139 2616 2208 2660 se
2241 2594 2646 2677 praestitisse
2669 2614 2804 2658 ma-

548 2708 853 2774 nifestum
899 2711 1017 2771 est.
1924 2781 1927 2784 ,
2314 2791 2315 2798 ¹

725 2821 816 2886 Ut
872 2821 1204 2903 corruptio
1257 2821 1588 2902 lectioniS,
1658 2822 1867 2905 qualis
1934 2822 2063 2910 iam
2127 2820 2194 2884 in
2256 2819 2467 2903 prima
2523 2816 2807 2883 editione

553 2933 767 3013 fuerit,
812 2932 1039 2997 melius
1062 2934 1340 3017 perspici
1377 2935 1606 3016 possit,
1655 2934 1947 3018 exempla
1982 2932 2301 3022 quaedam
2345 2932 2624 3015 insignia
2656 2951 2807 3014 pro-

553 3046 723 3112 ferre
764 3043 1029 3110 iuvabit.
1120 3045 1470 3130 Gregorius
1514 3047 1582 3111 in
1621 3049 1844 3129 primis
1887 3048 2154 3126 litteriS,
2222 3066 2384 3128 quas
2441 3044 2526 3107 ad
2570 3043 2808 3108 Rudol-

453 3141 457 3145 Δ
554 3158 689 3223 fum
734 3157 1087 3222 Suevorum
1133 3160 1358 3224 ducem
1406 3157 1587 3223 dedit
1634 3159 1799 3244 (Lib.
1844 3160 1892 3223 I.
1953 3180 2050 3240 ep.
2104 3158 2245 3239 19),
2286 3156 2448 3219 haec
2492 3155 2617 3218 ait:
2664 3156 2807 3235 „Li-

559 3274 664 3336 cet
709 3271 1203 3352 ex·praeteritis
1247 3270 1606 3336 nobilitatis
1651 3276 1805 3337 tuae
1843 3269 2073 3333 studiis
2119 3267 2382 3345 clareat,
2429 3269 2495 3329 te
2542 3271 2807 3332 sanctae

475 3399 492 3406 ·
556 3382 886 3448 Romanae
939 3384 1249 3454 ecclesiae
1306 3385 1620 3450 honorem
1676 3383 1977 3465 diligere,
2022 3402 2194 3445 nunc
2252 3384 2502 3458 tamen,
2564 3384 2805 3463 quanto

557 3504 760 3587 ipsius
806 3518 1025 3566 amore
1063 3498 1314 3563 ferveas
1362 3504 1804 3580 quantumque
1862 3497 2157 3560 caeteros
2212 3492 2470 3558 illarum
2525 3492 2806 3575 partium

557 3615 881 3699 principes
927 3609 1214 3677 eiusdem
1259 3610 1497 3674 amoris
1540 3606 1984 3690 magnitudine
2030 3604 2486 3687 transcendas,
2550 3603 2804 3668 litterae

560 3734 714 3794 tuae
756 3725 944 3792 nobis
988 3723 1410 3788 transmissae
1467 3721 1798 3786 evidenter
1844 3724 2192 3804 exponunt.
2285 3717 2461 3794 Quae
2512 3716 2800 3782 nimirum

560 3842 732 3907 inter
772 3843 1036 3904 caetera
1091 3835 1448 3900 dulcedinis
1511 3853 1667 3897 suae
1713 3833 1910 3898 verba
1972 3831 2132 3896 illud
2183 3829 2372 3895 nobis
2424 3825 2802 3896 videbantur

564 3953 899 4020 consulere
924 4000 939 4031 ,
1004 3970 1122 4032 per
1177 3947 1353 4030 quod
1390 3951 1456 4010 et
1503 3949 1718 4010 status
1773 3944 2024 4028 imperii
2068 3942 2408 4025 gloriosius
2452 3941 2699 4025 regitur
2744 3938 2807 4001 et

565 4070 832 4133 sanctae
878 4062 1187 4129 ecclesiae
1231 4060 1412 4142 vigor
1448 4056 1785 4138 solidatur,
1823 4034 2121 4129 videlicet
2165 4058 2239 4119 ut
2276 4053 2713 4119 sacerdotium
2748 4052 2811 4116 et

603 4312 659 4376 1)
696 4308 830 4364 Mar.
864 4304 1058 4361 Marini
1091 4301 1444 4372 Diplomatica
1471 4298 1746 4368 ‚pontificia
1777 4314 1831 4366 p.
1867 4287 1915 4347 θ’.
