<?xml version="1.0" encoding="UTF-8"?>
<!DOCTYPE html PUBLIC "-//W3C//DTD XHTML 1.0 Transitional//EN"
    "http://www.w3.org/TR/xhtml1/DTD/xhtml1-transitional.dtd">
<html xmlns="http://www.w3.org/1999/xhtml" xml:lang="en" lang="en">
 <head>
  <title>
</title>
<meta http-equiv="Content-Type" content="text/html;charset=utf-8" />
  <meta name='ocr-system' content='tesseract 3.04.00' />
  <meta name='ocr-capabilities' content='ocr_page ocr_carea ocr_par ocr_line ocrx_word'/>
</head>
<body>
  <div class='ocr_page' id='page_1' title='image "./degregoriiviire01giesgoog_0051.png"; bbox 0 0 3178 5113; ppageno 0'>
   <div class='ocr_carea' id='block_1_1' title="bbox 1320 451 1748 516">
    <p class='ocr_par' dir='ltr' id='par_1_1' title="bbox 1320 451 1748 516">
     <span class='ocr_line' id='line_1_1' title="bbox 1320 451 1748 516; baseline 0 -16"><span class='ocrx_word' id='word_1_1' title='bbox 1320 451 1748 516; x_wconf 66' lang='lat'><strong>...45-</strong></span> 
     </span>
    </p>
   </div>
   <div class='ocr_carea' id='block_1_2' title="bbox 401 621 2675 1725">
    <p class='ocr_par' dir='ltr' id='par_1_2' title="bbox 402 621 2673 1272">
     <span class='ocr_line' id='line_1_2' title="bbox 405 621 2668 711; baseline 0 -19"><span class='ocrx_word' id='word_1_2' title='bbox 405 621 636 710; x_wconf 90' lang='lat' dir='ltr'><strong>optimi</strong></span> <span class='ocrx_word' id='word_1_3' title='bbox 681 622 937 690; x_wconf 91' lang='lat' dir='ltr'><strong>codices</strong></span> <span class='ocrx_word' id='word_1_4' title='bbox 954 626 1011 710; x_wconf 88' lang='lat'><strong>⁴)</strong></span> <span class='ocrx_word' id='word_1_5' title='bbox 1077 624 1147 690; x_wconf 93' lang='lat' dir='ltr'><strong>in</strong></span> <span class='ocrx_word' id='word_1_6' title='bbox 1211 622 1622 690; x_wconf 78' lang='lat' dir='ltr'><strong>bibliothecis</strong></span> <span class='ocrx_word' id='word_1_7' title='bbox 1666 627 1959 703; x_wconf 87' lang='lat' dir='ltr'><strong>exstant,</strong></span> <span class='ocrx_word' id='word_1_8' title='bbox 2002 629 2080 690; x_wconf 93' lang='lat' dir='ltr'><strong>ut</strong></span> <span class='ocrx_word' id='word_1_9' title='bbox 2123 621 2205 691; x_wconf 91' lang='lat' dir='ltr'><strong>de</strong></span> <span class='ocrx_word' id='word_1_10' title='bbox 2248 646 2406 692; x_wconf 86' lang='lat' dir='ltr'><strong>vera</strong></span> <span class='ocrx_word' id='word_1_11' title='bbox 2449 629 2517 691; x_wconf 88' lang='lat' dir='ltr'><strong>et</strong></span> <span class='ocrx_word' id='word_1_12' title='bbox 2560 646 2668 711; x_wconf 80' lang='lat' dir='ltr'><strong>ge-</strong></span> 
     </span>
     <span class='ocr_line' id='line_1_3' title="bbox 403 737 2672 822; baseline -0 -18"><span class='ocrx_word' id='word_1_13' title='bbox 403 739 609 804; x_wconf 85' lang='lat' dir='ltr'><strong>nuina</strong></span> <span class='ocrx_word' id='word_1_14' title='bbox 652 737 934 803; x_wconf 90' lang='lat' dir='ltr'><strong>lectione</strong></span> <span class='ocrx_word' id='word_1_15' title='bbox 990 757 1214 803; x_wconf 90' lang='lat' dir='ltr'><strong>eorum</strong></span> <span class='ocrx_word' id='word_1_16' title='bbox 1255 758 1408 802; x_wconf 92' lang='lat' dir='ltr'><strong>raro</strong></span> <span class='ocrx_word' id='word_1_17' title='bbox 1454 738 1796 821; x_wconf 89' lang='lat' dir='ltr'><strong>scrupulus</strong></span> <span class='ocrx_word' id='word_1_18' title='bbox 1841 738 2147 804; x_wconf 77' lang='lat' dir='ltr'><strong>resideat.</strong></span> <span class='ocrx_word' id='word_1_19' title='bbox 2235 737 2431 804; x_wconf 87' lang='lat' dir='ltr'><strong>Haud</strong></span> <span class='ocrx_word' id='word_1_20' title='bbox 2471 739 2672 822; x_wconf 84' lang='lat' dir='ltr'><strong>igitur</strong></span> 
     </span>
     <span class='ocr_line' id='line_1_4' title="bbox 402 849 2673 935; baseline 0 -19"><span class='ocrx_word' id='word_1_21' title='bbox 402 850 524 916; x_wconf 90' lang='lat' dir='ltr'><strong>abs</strong></span> <span class='ocrx_word' id='word_1_22' title='bbox 568 870 642 916; x_wconf 92' lang='lat' dir='ltr'><strong>re</strong></span> <span class='ocrx_word' id='word_1_23' title='bbox 688 851 814 915; x_wconf 88' lang='lat' dir='ltr'><strong>erit</strong></span> <span class='ocrx_word' id='word_1_24' title='bbox 859 850 1055 915; x_wconf 90' lang='lat' dir='ltr'><strong>etiam</strong></span> <span class='ocrx_word' id='word_1_25' title='bbox 1098 849 1258 915; x_wconf 91' lang='lat' dir='ltr'><strong>haec</strong></span> <span class='ocrx_word' id='word_1_26' title='bbox 1301 849 1633 935; x_wconf 89' lang='lat' dir='ltr'><strong>praesidia</strong></span> <span class='ocrx_word' id='word_1_27' title='bbox 1675 849 2006 930; x_wconf 89' lang='lat' dir='ltr'><strong>adhibere,</strong></span> <span class='ocrx_word' id='word_1_28' title='bbox 2051 850 2164 916; x_wconf 90' lang='lat' dir='ltr'><strong>ubi</strong></span> <span class='ocrx_word' id='word_1_29' title='bbox 2207 849 2287 916; x_wconf 92' lang='lat' dir='ltr'><strong>de</strong></span> <span class='ocrx_word' id='word_1_30' title='bbox 2332 856 2518 916; x_wconf 86' lang='lat' dir='ltr'><strong>recta</strong></span> <span class='ocrx_word' id='word_1_31' title='bbox 2578 850 2673 916; x_wconf 90' lang='lat' dir='ltr'><strong>le-</strong></span> 
     </span>
     <span class='ocr_line' id='line_1_5' title="bbox 405 961 2673 1047; baseline 0 -19"><span class='ocrx_word' id='word_1_32' title='bbox 405 964 623 1029; x_wconf 81' lang='lat' dir='ltr'><strong>ctione</strong></span> <span class='ocrx_word' id='word_1_33' title='bbox 669 962 954 1047; x_wconf 87' lang='lat' dir='ltr'><strong>Registri</strong></span> <span class='ocrx_word' id='word_1_34' title='bbox 994 963 1122 1027; x_wconf 89' lang='lat' dir='ltr'><strong>alia</strong></span> <span class='ocrx_word' id='word_1_35' title='bbox 1165 964 1422 1028; x_wconf 92' lang='lat' dir='ltr'><strong>ratione</strong></span> <span class='ocrx_word' id='word_1_36' title='bbox 1464 963 1628 1029; x_wconf 92' lang='lat' dir='ltr'><strong>certi</strong></span> <span class='ocrx_word' id='word_1_37' title='bbox 1683 961 2036 1046; x_wconf 86' lang='lat' dir='ltr'><strong>quidquam</strong></span> <span class='ocrx_word' id='word_1_38' title='bbox 2083 965 2287 1029; x_wconf 90' lang='lat' dir='ltr'><strong>statui</strong></span> <span class='ocrx_word' id='word_1_39' title='bbox 2328 964 2673 1047; x_wconf 78' lang='lat' dir='ltr'><strong>nequierit.</strong></span> 
     </span>
     <span class='ocr_line' id='line_1_6' title="bbox 405 1075 2672 1160; baseline 0 -20"><span class='ocrx_word' id='word_1_40' title='bbox 405 1075 725 1160; x_wconf 90' lang='lat' dir='ltr'><strong>Equidem</strong></span> <span class='ocrx_word' id='word_1_41' title='bbox 771 1076 933 1140; x_wconf 91' lang='lat' dir='ltr'><strong>satis</strong></span> <span class='ocrx_word' id='word_1_42' title='bbox 968 1075 1179 1141; x_wconf 91' lang='lat' dir='ltr'><strong>habeo</strong></span> <span class='ocrx_word' id='word_1_43' title='bbox 1224 1075 1435 1141; x_wconf 90' lang='lat' dir='ltr'><strong>tribus</strong></span> <span class='ocrx_word' id='word_1_44' title='bbox 1480 1075 1579 1142; x_wconf 84' lang='lat' dir='ltr'><strong>vel</strong></span> <span class='ocrx_word' id='word_1_45' title='bbox 1621 1082 1908 1158; x_wconf 90' lang='lat' dir='ltr'><strong>quatuor</strong></span> <span class='ocrx_word' id='word_1_46' title='bbox 1952 1077 2260 1159; x_wconf 83' lang='lat' dir='ltr'><strong>exemplis</strong></span> <span class='ocrx_word' id='word_1_47' title='bbox 2306 1075 2672 1155; x_wconf 86' lang='lat' dir='ltr'><strong>ostendere,</strong></span> 
     </span>
     <span class='ocr_line' id='line_1_7' title="bbox 406 1187 2672 1272; baseline 0 -20"><span class='ocrx_word' id='word_1_48' title='bbox 406 1189 518 1272; x_wconf 91' lang='lat' dir='ltr'><strong>qui</strong></span> <span class='ocrx_word' id='word_1_49' title='bbox 554 1187 809 1253; x_wconf 74' lang='lat' dir='ltr'><strong>fructus</strong></span> <span class='ocrx_word' id='word_1_50' title='bbox 852 1187 940 1253; x_wconf 90' lang='lat' dir='ltr'><strong>ad</strong></span> <span class='ocrx_word' id='word_1_51' title='bbox 974 1188 1448 1254; x_wconf 90' lang='lat' dir='ltr'><strong>emendandum</strong></span> <span class='ocrx_word' id='word_1_52' title='bbox 1470 1187 1843 1271; x_wconf 86' lang='lat' dir='ltr'><strong>Registrum</strong></span> <span class='ocrx_word' id='word_1_53' title='bbox 1886 1187 2010 1253; x_wconf 91' lang='lat' dir='ltr'><strong>hac</strong></span> <span class='ocrx_word' id='word_1_54' title='bbox 2049 1189 2154 1253; x_wconf 84' lang='lat' dir='ltr'><strong>via</strong></span> <span class='ocrx_word' id='word_1_55' title='bbox 2173 1189 2420 1272; x_wconf 85' lang='lat' dir='ltr'><strong>percipi</strong></span> <span class='ocrx_word' id='word_1_56' title='bbox 2442 1189 2672 1270; x_wconf 88' lang='lat' dir='ltr'><strong>possit.</strong></span> 
     </span>
    </p>

    <p class='ocr_par' dir='ltr' id='par_1_3' title="bbox 401 1291 2675 1725">
     <span class='ocr_line' id='line_1_8' title="bbox 579 1291 2673 1387; baseline 0 -22"><span class='ocrx_word' id='word_1_57' title='bbox 579 1300 652 1365; x_wconf 93' lang='lat' dir='ltr'><strong>L.</strong></span> <span class='ocrx_word' id='word_1_58' title='bbox 697 1300 777 1365; x_wconf 91' lang='lat'><strong>11.</strong></span> <span class='ocrx_word' id='word_1_59' title='bbox 833 1320 933 1384; x_wconf 92' lang='lat' dir='ltr'><strong>ep.</strong></span> <span class='ocrx_word' id='word_1_60' title='bbox 982 1306 1064 1365; x_wconf 90' lang='lat'><strong>70</strong></span> <span class='ocrx_word' id='word_1_61' title='bbox 1113 1301 1224 1386; x_wconf 90' lang='lat' dir='ltr'><strong>(M.</strong></span> <span class='ocrx_word' id='word_1_62' title='bbox 1277 1306 1399 1367; x_wconf 88' lang='grc'><strong>180</strong></span> <span class='ocrx_word' id='word_1_63' title='bbox 1443 1300 1563 1387; x_wconf 70' lang='lat' dir='ltr'><strong>Q).</strong></span> <span class='ocrx_word' id='word_1_64' title='bbox 1668 1300 2024 1382; x_wconf 86' lang='lat' dir='ltr'><strong>„Dominus</strong></span> <span class='ocrx_word' id='word_1_65' title='bbox 2087 1305 2308 1366; x_wconf 90' lang='lat' dir='ltr'><strong>autem</strong></span> <span class='ocrx_word' id='word_1_66' title='bbox 2370 1291 2673 1366; x_wconf 61' lang='lat' dir='ltr'><strong>iniuriaTm</strong></span> 
     </span>
     <span class='ocr_line' id='line_1_9' title="bbox 408 1412 2673 1499; baseline -0.001 -19"><span class='ocrx_word' id='word_1_67' title='bbox 408 1433 532 1480; x_wconf 90' lang='lat' dir='ltr'><strong>suo</strong></span> <span class='ocrx_word' id='word_1_68' title='bbox 574 1413 762 1478; x_wconf 88' lang='lat' dir='ltr'><strong>illata</strong></span> <span class='ocrx_word' id='word_1_69' title='bbox 781 1414 1059 1498; x_wconf 86' lang='lat' dir='ltr'><strong>principi</strong></span> <span class='ocrx_word' id='word_1_70' title='bbox 1079 1413 1487 1498; x_wconf 80' lang='lat' dir='ltr'><strong>praevidenS,</strong></span> <span class='ocrx_word' id='word_1_71' title='bbox 1529 1417 1933 1499; x_wconf 89' lang='lat' dir='ltr'><strong>potestatem</strong></span> <span class='ocrx_word' id='word_1_72' title='bbox 1964 1414 2149 1497; x_wconf 84' lang='lat' dir='ltr'><strong>regni</strong></span> <span class='ocrx_word' id='word_1_73' title='bbox 2193 1434 2312 1478; x_wconf 92' lang='lat' dir='ltr'><strong>suo</strong></span> <span class='ocrx_word' id='word_1_74' title='bbox 2334 1412 2422 1478; x_wconf 91' lang='lat' dir='ltr'><strong>ad</strong></span> <span class='ocrx_word' id='word_1_75' title='bbox 2463 1417 2532 1477; x_wconf 95' lang='lat' dir='ltr'><strong>te</strong></span> <span class='ocrx_word' id='word_1_76' title='bbox 2574 1414 2673 1477; x_wconf 92' lang='lat' dir='ltr'><strong>iu-</strong></span> 
     </span>
     <span class='ocr_line' id='line_1_10' title="bbox 406 1525 2675 1611; baseline -0.001 -20"><span class='ocrx_word' id='word_1_77' title='bbox 406 1525 580 1591; x_wconf 82' lang='lat' dir='ltr'><strong>dicio</strong></span> <span class='ocrx_word' id='word_1_78' title='bbox 626 1526 983 1592; x_wconf 88' lang='lat' dir='ltr'><strong>transtulit.</strong></span> <span class='ocrx_word' id='word_1_79' title='bbox 1106 1526 1197 1592; x_wconf 90' lang='lat' dir='ltr'><strong>Et</strong></span> <span class='ocrx_word' id='word_1_80' title='bbox 1258 1529 1373 1608; x_wconf 90' lang='lat' dir='ltr'><strong>ita,</strong></span> <span class='ocrx_word' id='word_1_81' title='bbox 1438 1528 1493 1593; x_wconf 90' lang='lat' dir='ltr'><strong>si</strong></span> <span class='ocrx_word' id='word_1_82' title='bbox 1538 1525 1697 1611; x_wconf 90' lang='lat' dir='ltr'><strong>quid</strong></span> <span class='ocrx_word' id='word_1_83' title='bbox 1750 1527 1819 1591; x_wconf 93' lang='lat' dir='ltr'><strong>in</strong></span> <span class='ocrx_word' id='word_1_84' title='bbox 1864 1525 2217 1591; x_wconf 91' lang='lat' dir='ltr'><strong>obtinendo</strong></span> <span class='ocrx_word' id='word_1_85' title='bbox 2267 1546 2470 1609; x_wconf 88' lang='lat' dir='ltr'><strong>regno</strong></span> <span class='ocrx_word' id='word_1_86' title='bbox 2512 1525 2675 1590; x_wconf 91' lang='lat' dir='ltr'><strong>iuris</strong></span> 
     </span>
     <span class='ocr_line' id='line_1_11' title="bbox 401 1636 2673 1725; baseline -0.001 -21"><span class='ocrx_word' id='word_1_87' title='bbox 401 1639 586 1723; x_wconf 89' lang='lat' dir='ltr'><strong>prius</strong></span> <span class='ocrx_word' id='word_1_88' title='bbox 630 1637 880 1725; x_wconf 88' lang='lat' dir='ltr'><strong>habuit,</strong></span> <span class='ocrx_word' id='word_1_89' title='bbox 926 1660 968 1705; x_wconf 93' lang='lat' dir='ltr'><strong>a</strong></span> <span class='ocrx_word' id='word_1_90' title='bbox 1013 1661 1084 1706; x_wconf 88' lang='lat' dir='ltr'><strong>se</strong></span> <span class='ocrx_word' id='word_1_91' title='bbox 1148 1640 1467 1724; x_wconf 85' lang='lat' dir='ltr'><strong>sacrilega</strong></span> <span class='ocrx_word' id='word_1_92' title='bbox 1508 1639 1935 1722; x_wconf 83' lang='lat' dir='ltr'><strong>usurpatione</strong></span> <span class='ocrx_word' id='word_1_93' title='bbox 1978 1639 2317 1723; x_wconf 83' lang='lat' dir='ltr'><strong>privavit.“</strong></span> <span class='ocrx_word' id='word_1_94' title='bbox 2386 1648 2394 1673; x_wconf 81' lang='lat'>³</span> <span class='ocrx_word' id='word_1_95' title='bbox 2430 1636 2535 1703; x_wconf 88' lang='lat' dir='ltr'><strong>Sic</strong></span> <span class='ocrx_word' id='word_1_96' title='bbox 2577 1637 2673 1702; x_wconf 90' lang='lat' dir='ltr'><strong>lo-</strong></span> 
     </span>
    </p>
   </div>
   <div class='ocr_carea' id='block_1_3' title="bbox 333 1746 2674 1838">
    <p class='ocr_par' dir='ltr' id='par_1_4' title="bbox 333 1746 2674 1838">
     <span class='ocr_line' id='line_1_12' title="bbox 333 1746 2674 1838; baseline -0.001 -21"><span class='ocrx_word' id='word_1_97' title='bbox 333 1746 346 1751; x_wconf 34' lang='lat'><em>*</em></span> <span class='ocrx_word' id='word_1_98' title='bbox 408 1771 521 1817; x_wconf 88' lang='lat' dir='ltr'><strong>cus</strong></span> <span class='ocrx_word' id='word_1_99' title='bbox 566 1750 913 1816; x_wconf 83' lang='lat' dir='ltr'><strong>manifesto</strong></span> <span class='ocrx_word' id='word_1_100' title='bbox 963 1758 1310 1838; x_wconf 88' lang='lat' dir='ltr'><strong>corruptus</strong></span> <span class='ocrx_word' id='word_1_101' title='bbox 1366 1754 1435 1819; x_wconf 93' lang='lat' dir='ltr'><strong>in</strong></span> <span class='ocrx_word' id='word_1_102' title='bbox 1501 1751 1725 1818; x_wconf 91' lang='lat' dir='ltr'><strong>codice</strong></span> <span class='ocrx_word' id='word_1_103' title='bbox 1770 1751 2111 1816; x_wconf 86' lang='lat' dir='ltr'><strong>Vaticano.</strong></span> <span class='ocrx_word' id='word_1_104' title='bbox 2214 1749 2343 1815; x_wconf 91' lang='lat' dir='ltr'><strong>Pro</strong></span> <span class='ocrx_word' id='word_1_105' title='bbox 2411 1750 2674 1830; x_wconf 89' lang='lat' dir='ltr'><strong>„illata“</strong></span> 
     </span>
    </p>
   </div>
   <div class='ocr_carea' id='block_1_4' title="bbox 402 1862 2693 2967">
    <p class='ocr_par' dir='ltr' id='par_1_5' title="bbox 402 1862 2693 2740">
     <span class='ocr_line' id='line_1_13' title="bbox 407 1862 2673 1949; baseline -0.001 -19"><span class='ocrx_word' id='word_1_106' title='bbox 407 1865 693 1930; x_wconf 83' lang='lat' dir='ltr'><strong>correxit</strong></span> <span class='ocrx_word' id='word_1_107' title='bbox 716 1863 974 1930; x_wconf 87' lang='lat' dir='ltr'><strong>Caraffa</strong></span> <span class='ocrx_word' id='word_1_108' title='bbox 1016 1868 1286 1946; x_wconf 79' lang='lat' dir='ltr'><strong>illatam,</strong></span> <span class='ocrx_word' id='word_1_109' title='bbox 1329 1864 1400 1930; x_wconf 92' lang='lat' dir='ltr'><strong>id</strong></span> <span class='ocrx_word' id='word_1_110' title='bbox 1443 1864 1622 1949; x_wconf 90' lang='lat' dir='ltr'><strong>quod</strong></span> <span class='ocrx_word' id='word_1_111' title='bbox 1653 1863 2017 1929; x_wconf 89' lang='lat' dir='ltr'><strong>Deusdedit</strong></span> <span class='ocrx_word' id='word_1_112' title='bbox 2061 1863 2375 1947; x_wconf 85' lang='lat' dir='ltr'><strong>agnoscit,</strong></span> <span class='ocrx_word' id='word_1_113' title='bbox 2423 1862 2535 1947; x_wconf 90' lang='lat' dir='ltr'><strong>qui</strong></span> <span class='ocrx_word' id='word_1_114' title='bbox 2574 1862 2673 1927; x_wconf 91' lang='lat' dir='ltr'><strong>in-</strong></span> 
     </span>
     <span class='ocr_line' id='line_1_14' title="bbox 406 1975 2674 2062; baseline -0.002 -19"><span class='ocrx_word' id='word_1_115' title='bbox 406 1997 604 2062; x_wconf 87' lang='lat' dir='ltr'><strong>super</strong></span> <span class='ocrx_word' id='word_1_116' title='bbox 646 1981 802 2062; x_wconf 89' lang='lat' dir='ltr'><strong>post</strong></span> <span class='ocrx_word' id='word_1_117' title='bbox 846 1978 1019 2058; x_wconf 87' lang='lat' dir='ltr'><strong>„ita“</strong></span> <span class='ocrx_word' id='word_1_118' title='bbox 1042 1976 1210 2044; x_wconf 90' lang='lat' dir='ltr'><strong>bene</strong></span> <span class='ocrx_word' id='word_1_119' title='bbox 1233 1977 1447 2043; x_wconf 86' lang='lat' dir='ltr'><strong>addit:</strong></span> <span class='ocrx_word' id='word_1_120' title='bbox 1488 1980 2002 2059; x_wconf 71' lang='lat' dir='ltr'><strong>consanquz&#39;neus</strong></span> <span class='ocrx_word' id='word_1_121' title='bbox 2042 1982 2205 2040; x_wconf 79' lang='lat' dir='ltr'><strong>tuus,</strong></span> <span class='ocrx_word' id='word_1_122' title='bbox 2287 1975 2414 2040; x_wconf 92' lang='lat' dir='ltr'><strong>Pro</strong></span> <span class='ocrx_word' id='word_1_123' title='bbox 2461 1994 2542 2054; x_wconf 85' lang='lat' dir='ltr'><strong>„a</strong></span> <span class='ocrx_word' id='word_1_124' title='bbox 2564 1980 2674 2038; x_wconf 89' lang='lat' dir='ltr'><strong>se“</strong></span> 
     </span>
     <span class='ocr_line' id='line_1_15' title="bbox 407 2088 2676 2156; baseline -0.002 0"><span class='ocrx_word' id='word_1_125' title='bbox 407 2088 668 2156; x_wconf 85' lang='lat' dir='ltr'><strong>Caraffa</strong></span> <span class='ocrx_word' id='word_1_126' title='bbox 711 2110 831 2156; x_wconf 91' lang='lat' dir='ltr'><strong>suo</strong></span> <span class='ocrx_word' id='word_1_127' title='bbox 875 2091 1045 2155; x_wconf 90' lang='lat' dir='ltr'><strong>iure:</strong></span> <span class='ocrx_word' id='word_1_128' title='bbox 1103 2110 1175 2154; x_wconf 84' lang='lat' dir='ltr'><strong>eo</strong></span> <span class='ocrx_word' id='word_1_129' title='bbox 1216 2110 1283 2155; x_wconf 84' lang='lat' dir='ltr'><strong>se</strong></span> <span class='ocrx_word' id='word_1_130' title='bbox 1328 2088 1716 2155; x_wconf 85' lang='lat' dir='ltr'><strong>emendavit.</strong></span> <span class='ocrx_word' id='word_1_131' title='bbox 1785 2089 1927 2154; x_wconf 91' lang='lat' dir='ltr'><strong>Iam</strong></span> <span class='ocrx_word' id='word_1_132' title='bbox 1966 2092 2148 2154; x_wconf 92' lang='lat' dir='ltr'><strong>totus</strong></span> <span class='ocrx_word' id='word_1_133' title='bbox 2186 2089 2369 2153; x_wconf 90' lang='lat' dir='ltr'><strong>locus</strong></span> <span class='ocrx_word' id='word_1_134' title='bbox 2412 2088 2676 2152; x_wconf 91' lang='lat' dir='ltr'><strong>restitui</strong></span> 
     </span>
     <span class='ocr_line' id='line_1_16' title="bbox 403 2200 2693 2288; baseline -0.001 -20"><span class='ocrx_word' id='word_1_135' title='bbox 403 2207 650 2287; x_wconf 85' lang='lat' dir='ltr'><strong>potest.</strong></span> <span class='ocrx_word' id='word_1_136' title='bbox 742 2201 844 2268; x_wconf 83' lang='lat' dir='ltr'><strong>Sic</strong></span> <span class='ocrx_word' id='word_1_137' title='bbox 913 2204 1084 2268; x_wconf 91' lang='lat' dir='ltr'><strong>enim</strong></span> <span class='ocrx_word' id='word_1_138' title='bbox 1129 2204 1392 2288; x_wconf 87' lang='lat' dir='ltr'><strong>scripsit</strong></span> <span class='ocrx_word' id='word_1_139' title='bbox 1437 2201 1825 2286; x_wconf 85' lang='lat' dir='ltr'><strong>Gregorius:</strong></span> <span class='ocrx_word' id='word_1_140' title='bbox 1914 2202 2269 2283; x_wconf 86' lang='lat' dir='ltr'><strong>„Dominus</strong></span> <span class='ocrx_word' id='word_1_141' title='bbox 2313 2206 2534 2265; x_wconf 88' lang='lat' dir='ltr'><strong>autem</strong></span> <span class='ocrx_word' id='word_1_142' title='bbox 2576 2200 2693 2265; x_wconf 65' lang='lat' dir='ltr'><strong>in-&#39;</strong></span> 
     </span>
     <span class='ocr_line' id='line_1_17' title="bbox 410 2314 2675 2400; baseline -0.001 -20"><span class='ocrx_word' id='word_1_143' title='bbox 410 2315 646 2380; x_wconf 85' lang='lat' dir='ltr'><strong>iuriam</strong></span> <span class='ocrx_word' id='word_1_144' title='bbox 668 2335 784 2379; x_wconf 91' lang='lat' dir='ltr'><strong>suo</strong></span> <span class='ocrx_word' id='word_1_145' title='bbox 824 2315 1075 2381; x_wconf 89' lang='lat' dir='ltr'><strong>iHatam</strong></span> <span class='ocrx_word' id='word_1_146' title='bbox 1096 2315 1374 2400; x_wconf 89' lang='lat' dir='ltr'><strong>principi</strong></span> <span class='ocrx_word' id='word_1_147' title='bbox 1395 2315 1593 2380; x_wconf 93' lang='lat' dir='ltr'><strong>Petro</strong></span> <span class='ocrx_word' id='word_1_148' title='bbox 1617 2314 1862 2396; x_wconf 68' lang='lat' dir='ltr'><strong>videm,</strong></span> <span class='ocrx_word' id='word_1_149' title='bbox 1906 2317 2307 2398; x_wconf 88' lang='lat' dir='ltr'><strong>potestatem</strong></span> <span class='ocrx_word' id='word_1_150' title='bbox 2328 2314 2512 2397; x_wconf 87' lang='lat' dir='ltr'><strong>regni</strong></span> <span class='ocrx_word' id='word_1_151' title='bbox 2556 2333 2675 2377; x_wconf 88' lang='lat' dir='ltr'><strong>suo</strong></span> 
     </span>
     <span class='ocr_line' id='line_1_18' title="bbox 408 2424 2678 2511; baseline -0.001 -18"><span class='ocrx_word' id='word_1_152' title='bbox 408 2425 497 2493; x_wconf 90' lang='lat' dir='ltr'><strong>ad</strong></span> <span class='ocrx_word' id='word_1_153' title='bbox 542 2431 609 2491; x_wconf 91' lang='lat' dir='ltr'><strong>te</strong></span> <span class='ocrx_word' id='word_1_154' title='bbox 650 2426 887 2494; x_wconf 89' lang='lat' dir='ltr'><strong>iudicio</strong></span> <span class='ocrx_word' id='word_1_155' title='bbox 934 2430 1296 2495; x_wconf 89' lang='lat' dir='ltr'><strong>transtulit.</strong></span> <span class='ocrx_word' id='word_1_156' title='bbox 1382 2427 1472 2493; x_wconf 90' lang='lat' dir='ltr'><strong>Et</strong></span> <span class='ocrx_word' id='word_1_157' title='bbox 1513 2429 1611 2493; x_wconf 92' lang='lat' dir='ltr'><strong>ita</strong></span> <span class='ocrx_word' id='word_1_158' title='bbox 1634 2428 2155 2511; x_wconf 87' lang='lat' dir='ltr'><strong>consanguineus</strong></span> <span class='ocrx_word' id='word_1_159' title='bbox 2198 2431 2373 2507; x_wconf 90' lang='lat' dir='ltr'><strong>tuus,</strong></span> <span class='ocrx_word' id='word_1_160' title='bbox 2419 2427 2475 2491; x_wconf 90' lang='lat' dir='ltr'><strong>si</strong></span> <span class='ocrx_word' id='word_1_161' title='bbox 2519 2424 2678 2508; x_wconf 90' lang='lat' dir='ltr'><strong>quid</strong></span> 
     </span>
     <span class='ocr_line' id='line_1_19' title="bbox 402 2538 2675 2628; baseline -0 -22"><span class='ocrx_word' id='word_1_162' title='bbox 402 2541 472 2606; x_wconf 92' lang='lat' dir='ltr'><strong>in</strong></span> <span class='ocrx_word' id='word_1_163' title='bbox 518 2538 876 2606; x_wconf 90' lang='lat' dir='ltr'><strong>obtinendo</strong></span> <span class='ocrx_word' id='word_1_164' title='bbox 920 2563 1122 2627; x_wconf 86' lang='lat' dir='ltr'><strong>regno</strong></span> <span class='ocrx_word' id='word_1_165' title='bbox 1166 2543 1328 2609; x_wconf 89' lang='lat' dir='ltr'><strong>iuris</strong></span> <span class='ocrx_word' id='word_1_166' title='bbox 1370 2542 1551 2628; x_wconf 88' lang='lat' dir='ltr'><strong>prius</strong></span> <span class='ocrx_word' id='word_1_167' title='bbox 1593 2540 1843 2621; x_wconf 88' lang='lat' dir='ltr'><strong>habuit,</strong></span> <span class='ocrx_word' id='word_1_168' title='bbox 1890 2561 1969 2606; x_wconf 93' lang='lat' dir='ltr'><strong>eo</strong></span> <span class='ocrx_word' id='word_1_169' title='bbox 2007 2561 2078 2606; x_wconf 90' lang='lat' dir='ltr'><strong>se</strong></span> <span class='ocrx_word' id='word_1_170' title='bbox 2125 2540 2443 2624; x_wconf 88' lang='lat' dir='ltr'><strong>sacrilega</strong></span> <span class='ocrx_word' id='word_1_171' title='bbox 2485 2560 2675 2605; x_wconf 90' lang='lat' dir='ltr'><strong>usur-</strong></span> 
     </span>
     <span class='ocr_line' id='line_1_20' title="bbox 404 2654 1063 2740; baseline 0.002 -22"><span class='ocrx_word' id='word_1_172' title='bbox 404 2655 672 2740; x_wconf 86' lang='lat' dir='ltr'><strong>patione</strong></span> <span class='ocrx_word' id='word_1_173' title='bbox 725 2654 1063 2738; x_wconf 84' lang='lat' dir='ltr'><strong>privavit.“</strong></span> 
     </span>
    </p>

    <p class='ocr_par' dir='ltr' id='par_1_6' title="bbox 412 2766 2683 2967">
     <span class='ocr_line' id='line_1_21' title="bbox 579 2766 2676 2854; baseline -0 -22"><span class='ocrx_word' id='word_1_174' title='bbox 579 2766 652 2832; x_wconf 94' lang='lat' dir='ltr'><strong>L.</strong></span> <span class='ocrx_word' id='word_1_175' title='bbox 696 2766 807 2832; x_wconf 91' lang='lat' dir='ltr'><strong>IV.</strong></span> <span class='ocrx_word' id='word_1_176' title='bbox 855 2787 954 2853; x_wconf 91' lang='lat' dir='ltr'><strong>ep.</strong></span> <span class='ocrx_word' id='word_1_177' title='bbox 1006 2774 1036 2835; x_wconf 96' lang='lat'>1</span> <span class='ocrx_word' id='word_1_178' title='bbox 1089 2768 1201 2854; x_wconf 89' lang='lat' dir='ltr'><strong>(M.</strong></span> <span class='ocrx_word' id='word_1_179' title='bbox 1248 2774 1371 2835; x_wconf 83' lang='lat'><strong>207</strong></span> <span class='ocrx_word' id='word_1_180' title='bbox 1414 2770 1541 2853; x_wconf 91' lang='lat' dir='ltr'><strong>A.).</strong></span> <span class='ocrx_word' id='word_1_181' title='bbox 1615 2769 1822 2850; x_wconf 88' lang='lat' dir='ltr'><strong>„Nam</strong></span> <span class='ocrx_word' id='word_1_182' title='bbox 1863 2772 2086 2833; x_wconf 82' lang='lat' dir='ltr'><strong>vestra</strong></span> <span class='ocrx_word' id='word_1_183' title='bbox 2125 2766 2508 2832; x_wconf 87' lang='lat' dir='ltr'><strong>fraternitas</strong></span> <span class='ocrx_word' id='word_1_184' title='bbox 2557 2767 2676 2831; x_wconf 90' lang='lat' dir='ltr'><strong>mi·</strong></span> 
     </span>
     <span class='ocr_line' id='line_1_22' title="bbox 412 2862 2683 2967; baseline 0 -23"><span class='ocrx_word' id='word_1_185' title='bbox 412 2879 584 2944; x_wconf 89' lang='lat' dir='ltr'><strong>nime</strong></span> <span class='ocrx_word' id='word_1_186' title='bbox 625 2881 902 2963; x_wconf 86' lang='lat' dir='ltr'><strong>ignorat,</strong></span> <span class='ocrx_word' id='word_1_187' title='bbox 949 2887 1197 2967; x_wconf 89' lang='lat' dir='ltr'><strong>quanto</strong></span> <span class='ocrx_word' id='word_1_188' title='bbox 1242 2885 1558 2967; x_wconf 88' lang='lat' dir='ltr'><strong>tempore</strong></span> <span class='ocrx_word' id='word_1_189' title='bbox 1582 2886 1816 2949; x_wconf 89' lang='lat' dir='ltr'><strong>sancta</strong></span> <span class='ocrx_word' id='word_1_190' title='bbox 1859 2880 2135 2947; x_wconf 88' lang='lat' dir='ltr'><strong>ecclesia</strong></span> <span class='ocrx_word' id='word_1_191' title='bbox 2176 2862 2507 2945; x_wconf 84' lang='lat' dir='ltr'><strong>inauditas</strong></span> <span class='ocrx_word' id='word_1_192' title='bbox 2530 2899 2683 2964; x_wconf 89' lang='lat' dir='ltr'><strong>pra-</strong></span> 
     </span>
    </p>
   </div>
   <div class='ocr_carea' id='block_1_5' title="bbox 311 2991 2683 3083">
    <p class='ocr_par' dir='ltr' id='par_1_7' title="bbox 311 2991 2683 3083">
     <span class='ocr_line' id='line_1_23' title="bbox 311 2991 2683 3083; baseline 0.001 -27"><span class='ocrx_word' id='word_1_193' title='bbox 311 3078 317 3083; x_wconf 24' lang='lat'>.</span> <span class='ocrx_word' id='word_1_194' title='bbox 411 2992 649 3057; x_wconf 84' lang='lat' dir='ltr'><strong>vitates</strong></span> <span class='ocrx_word' id='word_1_195' title='bbox 694 2998 762 3059; x_wconf 93' lang='lat' dir='ltr'><strong>et</strong></span> <span class='ocrx_word' id='word_1_196' title='bbox 806 2994 1097 3062; x_wconf 86' lang='lat' dir='ltr'><strong>diversas</strong></span> <span class='ocrx_word' id='word_1_197' title='bbox 1142 2995 1525 3080; x_wconf 90' lang='lat' dir='ltr'><strong>iniquitates</strong></span> <span class='ocrx_word' id='word_1_198' title='bbox 1578 2996 1754 3079; x_wconf 84' lang='lat' dir='ltr'><strong>regis</strong></span> <span class='ocrx_word' id='word_1_199' title='bbox 1797 3031 1885 3042; x_wconf 90' lang='lat'>—</span> <span class='ocrx_word' id='word_1_200' title='bbox 1940 2998 2009 3059; x_wconf 92' lang='lat' dir='ltr'><strong>et</strong></span> <span class='ocrx_word' id='word_1_201' title='bbox 2048 2994 2301 3058; x_wconf 90' lang='lat' dir='ltr'><strong>utinam</strong></span> <span class='ocrx_word' id='word_1_202' title='bbox 2345 2991 2683 3058; x_wconf 88' lang='lat' dir='ltr'><strong>christiani</strong></span> 
     </span>
    </p>
   </div>
   <div class='ocr_carea' id='block_1_6' title="bbox 406 3103 2683 3646">
    <p class='ocr_par' dir='ltr' id='par_1_8' title="bbox 406 3103 2683 3527">
     <span class='ocr_line' id='line_1_24' title="bbox 408 3103 2682 3186; baseline 0.001 -17"><span class='ocrx_word' id='word_1_203' title='bbox 408 3110 478 3169; x_wconf 90' lang='lat' dir='ltr'><strong>et</strong></span> <span class='ocrx_word' id='word_1_204' title='bbox 518 3107 722 3172; x_wconf 87' lang='lat' dir='ltr'><strong>vestri</strong></span> <span class='ocrx_word' id='word_1_205' title='bbox 743 3144 830 3153; x_wconf 90' lang='lat'>—</span> <span class='ocrx_word' id='word_1_206' title='bbox 854 3109 1227 3174; x_wconf 86' lang='lat' dir='ltr'><strong>sustinuit.“</strong></span> <span class='ocrx_word' id='word_1_207' title='bbox 1270 3108 1451 3174; x_wconf 92' lang='lat' dir='ltr'><strong>Haec</strong></span> <span class='ocrx_word' id='word_1_208' title='bbox 1486 3114 1591 3174; x_wconf 92' lang='lat' dir='ltr'><strong>est</strong></span> <span class='ocrx_word' id='word_1_209' title='bbox 1621 3108 1816 3174; x_wconf 87' lang='lat' dir='ltr'><strong>lectio</strong></span> <span class='ocrx_word' id='word_1_210' title='bbox 1841 3106 2162 3172; x_wconf 89' lang='lat' dir='ltr'><strong>Vaticani.</strong></span> <span class='ocrx_word' id='word_1_211' title='bbox 2237 3103 2367 3172; x_wconf 88' lang='lat' dir='ltr'><strong>Sed</strong></span> <span class='ocrx_word' id='word_1_212' title='bbox 2401 3106 2682 3186; x_wconf 87' lang='lat' dir='ltr'><strong>,‚vestri“</strong></span> 
     </span>
     <span class='ocr_line' id='line_1_25' title="bbox 406 3217 2678 3305; baseline 0 -22"><span class='ocrx_word' id='word_1_213' title='bbox 406 3223 589 3283; x_wconf 88' lang='lat' dir='ltr'><strong>stare</strong></span> <span class='ocrx_word' id='word_1_214' title='bbox 654 3220 914 3303; x_wconf 90' lang='lat' dir='ltr'><strong>nequit,</strong></span> <span class='ocrx_word' id='word_1_215' title='bbox 983 3241 1377 3305; x_wconf 90' lang='lat' dir='ltr'><strong>quamquam</strong></span> <span class='ocrx_word' id='word_1_216' title='bbox 1420 3221 1615 3305; x_wconf 87' lang='lat' dir='ltr'><strong>Hugo</strong></span> <span class='ocrx_word' id='word_1_217' title='bbox 1658 3220 2165 3286; x_wconf 86' lang='lat' dir='ltr'><strong>Flaviniacensis</strong></span> <span class='ocrx_word' id='word_1_218' title='bbox 2211 3218 2279 3305; x_wconf 89' lang='lat'><strong>(1.</strong></span> <span class='ocrx_word' id='word_1_219' title='bbox 2325 3217 2366 3284; x_wconf 92' lang='lat'><strong>1.</strong></span> <span class='ocrx_word' id='word_1_220' title='bbox 2412 3239 2477 3302; x_wconf 91' lang='lat' dir='ltr'><strong>p.</strong></span> <span class='ocrx_word' id='word_1_221' title='bbox 2523 3220 2678 3303; x_wconf 90' lang='lat'>441)</span> 
     </span>
     <span class='ocr_line' id='line_1_26' title="bbox 409 3330 2683 3401; baseline -0 -6"><span class='ocrx_word' id='word_1_222' title='bbox 409 3332 721 3396; x_wconf 84' lang='lat' dir='ltr'><strong>assentiri</strong></span> <span class='ocrx_word' id='word_1_223' title='bbox 741 3331 1017 3399; x_wconf 88' lang='lat' dir='ltr'><strong>videtur.</strong></span> <span class='ocrx_word' id='word_1_224' title='bbox 1089 3333 1516 3401; x_wconf 88' lang='lat' dir='ltr'><strong>Scribendum</strong></span> <span class='ocrx_word' id='word_1_225' title='bbox 1559 3337 1663 3400; x_wconf 87' lang='lat' dir='ltr'><strong>est</strong></span> <span class='ocrx_word' id='word_1_226' title='bbox 1694 3337 1835 3397; x_wconf 81' lang='lat' dir='ltr'><strong>veri</strong></span> <span class='ocrx_word' id='word_1_227' title='bbox 1864 3355 2011 3399; x_wconf 89' lang='lat' dir='ltr'><strong>cum</strong></span> <span class='ocrx_word' id='word_1_228' title='bbox 2035 3331 2491 3398; x_wconf 87' lang='lat' dir='ltr'><strong>continuatore</strong></span> <span class='ocrx_word' id='word_1_229' title='bbox 2533 3330 2683 3395; x_wconf 91' lang='lat' dir='ltr'><strong>libri</strong></span> 
     </span>
     <span class='ocr_line' id='line_1_27' title="bbox 408 3443 1110 3527; baseline 0.009 -20"><span class='ocrx_word' id='word_1_230' title='bbox 408 3443 820 3526; x_wconf 90' lang='lat' dir='ltr'><strong>pontificalis.</strong></span> <span class='ocrx_word' id='word_1_231' title='bbox 1101 3522 1110 3527; x_wconf 9' lang='grc' dir='ltr'><strong>ἡ</strong></span> 
     </span>
    </p>

    <p class='ocr_par' dir='ltr' id='par_1_9' title="bbox 587 3555 2683 3646">
     <span class='ocr_line' id='line_1_28' title="bbox 587 3555 2683 3646; baseline -0.002 -22"><span class='ocrx_word' id='word_1_232' title='bbox 587 3555 657 3624; x_wconf 91' lang='lat' dir='ltr'><strong>L.</strong></span> <span class='ocrx_word' id='word_1_233' title='bbox 703 3558 872 3625; x_wconf 92' lang='lat' dir='ltr'><strong>VIII.</strong></span> <span class='ocrx_word' id='word_1_234' title='bbox 919 3578 1020 3642; x_wconf 89' lang='lat' dir='ltr'><strong>ep.</strong></span> <span class='ocrx_word' id='word_1_235' title='bbox 1067 3562 1144 3624; x_wconf 88' lang='grc'><strong>21</strong></span> <span class='ocrx_word' id='word_1_236' title='bbox 1193 3559 1306 3646; x_wconf 89' lang='grc' dir='ltr'><strong>(Μ.</strong></span> <span class='ocrx_word' id='word_1_237' title='bbox 1355 3564 1479 3626; x_wconf 88' lang='lat'><strong>333</strong></span> <span class='ocrx_word' id='word_1_238' title='bbox 1524 3559 1650 3646; x_wconf 90' lang='grc' dir='ltr'>Ε.).</span> <span class='ocrx_word' id='word_1_239' title='bbox 1742 3557 1958 3639; x_wconf 88' lang='lat' dir='ltr'><strong>„Nota</strong></span> <span class='ocrx_word' id='word_1_240' title='bbox 2003 3577 2178 3642; x_wconf 83' lang='lat' dir='ltr'><strong>ergo,</strong></span> <span class='ocrx_word' id='word_1_241' title='bbox 2226 3555 2579 3636; x_wconf 89' lang='lat' dir='ltr'><strong>carissime,</strong></span> <span class='ocrx_word' id='word_1_242' title='bbox 2626 3556 2683 3620; x_wconf 84' lang='lat' dir='ltr'><strong>si</strong></span> 
     </span>
    </p>
   </div>
   <div class='ocr_carea' id='block_1_7' title="bbox 443 3885 2705 4436">
    <p class='ocr_par' dir='ltr' id='par_1_10' title="bbox 443 3885 2705 4436">
     <span class='ocr_line' id='line_1_29' title="bbox 443 3885 2679 3956; baseline 0.002 -17"><span class='ocrx_word' id='word_1_243' title='bbox 443 3891 508 3955; x_wconf 80' lang='grc'><strong>4)</strong></span> <span class='ocrx_word' id='word_1_244' title='bbox 556 3888 900 3945; x_wconf 81' lang='lat' dir='ltr'><strong>collectionis</strong></span> <span class='ocrx_word' id='word_1_245' title='bbox 933 3886 1232 3944; x_wconf 87' lang='lat' dir='ltr'><strong>Deusdedit</strong></span> <span class='ocrx_word' id='word_1_246' title='bbox 1266 3886 1553 3944; x_wconf 87' lang='lat' dir='ltr'><strong>cardinalis</strong></span> <span class='ocrx_word' id='word_1_247' title='bbox 1587 3885 2014 3956; x_wconf 86' lang='lat' dir='ltr'><strong>antiquissimum</strong></span> <span class='ocrx_word' id='word_1_248' title='bbox 2050 3885 2323 3955; x_wconf 86' lang='lat' dir='ltr'><strong>exemplar</strong></span> <span class='ocrx_word' id='word_1_249' title='bbox 2363 3887 2592 3943; x_wconf 71' lang='lat' dir='ltr'><strong>habetur</strong></span> <span class='ocrx_word' id='word_1_250' title='bbox 2623 3889 2679 3942; x_wconf 89' lang='lat' dir='ltr'><strong>in</strong></span> 
     </span>
     <span class='ocr_line' id='line_1_30' title="bbox 547 3977 2681 4054; baseline -0.001 -16"><span class='ocrx_word' id='word_1_251' title='bbox 547 3983 872 4039; x_wconf 85' lang='lat' dir='ltr'><strong>bibliotheca</strong></span> <span class='ocrx_word' id='word_1_252' title='bbox 906 3977 1182 4041; x_wconf 77' lang='lat' dir='ltr'><strong>Vaticana</strong></span> <span class='ocrx_word' id='word_1_253' title='bbox 1204 3982 1333 4049; x_wconf 87' lang='lat' dir='ltr'><strong>(No.</strong></span> <span class='ocrx_word' id='word_1_254' title='bbox 1378 3984 1571 4054; x_wconf 82' lang='lat'><strong>3833),</strong></span> <span class='ocrx_word' id='word_1_255' title='bbox 1626 3982 2041 4037; x_wconf 85' lang='lat' dir='ltr'><strong>continuationis</strong></span> <span class='ocrx_word' id='word_1_256' title='bbox 2082 3980 2204 4036; x_wconf 90' lang='lat' dir='ltr'><strong>libri</strong></span> <span class='ocrx_word' id='word_1_257' title='bbox 2244 3981 2567 4050; x_wconf 84' lang='lat' dir='ltr'><strong>pontificalis</strong></span> <span class='ocrx_word' id='word_1_258' title='bbox 2623 3984 2681 4036; x_wconf 92' lang='lat' dir='ltr'><strong>in</strong></span> 
     </span>
     <span class='ocr_line' id='line_1_31' title="bbox 551 4076 2705 4148; baseline -0.001 -14"><span class='ocrx_word' id='word_1_259' title='bbox 551 4077 746 4134; x_wconf 88' lang='lat' dir='ltr'><strong>eadem</strong></span> <span class='ocrx_word' id='word_1_260' title='bbox 796 4078 1118 4137; x_wconf 84' lang='lat' dir='ltr'><strong>bibliotheca</strong></span> <span class='ocrx_word' id='word_1_261' title='bbox 1166 4079 1294 4146; x_wconf 87' lang='lat' dir='ltr'><strong>(No.</strong></span> <span class='ocrx_word' id='word_1_262' title='bbox 1333 4080 1493 4146; x_wconf 84' lang='grc'><strong>1437)</strong></span> <span class='ocrx_word' id='word_1_263' title='bbox 1509 4120 1525 4148; x_wconf 86' lang='grc'><em>,</em></span> <span class='ocrx_word' id='word_1_264' title='bbox 1577 4077 1774 4134; x_wconf 87' lang='lat' dir='ltr'><strong>codicis</strong></span> <span class='ocrx_word' id='word_1_265' title='bbox 1826 4076 2128 4147; x_wconf 88' lang='lat' dir='ltr'><strong>epistolaris</strong></span> <span class='ocrx_word' id='word_1_266' title='bbox 2172 4078 2582 4146; x_wconf 85' lang='lat' dir='ltr'><strong>Bambergensis</strong></span> <span class='ocrx_word' id='word_1_267' title='bbox 2622 4077 2705 4132; x_wconf 57' lang='lat' dir='ltr'><strong>in·</strong></span> 
     </span>
     <span class='ocr_line' id='line_1_32' title="bbox 548 4172 2681 4241; baseline -0.002 -11"><span class='ocrx_word' id='word_1_268' title='bbox 548 4172 881 4230; x_wconf 88' lang='lat' dir='ltr'><strong>bibliotheca</strong></span> <span class='ocrx_word' id='word_1_269' title='bbox 925 4189 1175 4231; x_wconf 86' lang='lat' dir='ltr'><strong>caesarea</strong></span> <span class='ocrx_word' id='word_1_270' title='bbox 1216 4173 1616 4231; x_wconf 72' lang='lat' dir='ltr'><strong>vindobonensi</strong></span> <span class='ocrx_word' id='word_1_271' title='bbox 1661 4174 1798 4239; x_wconf 75' lang='lat' dir='ltr'><strong>(Iur-</strong></span> <span class='ocrx_word' id='word_1_272' title='bbox 1835 4189 1952 4228; x_wconf 85' lang='lat' dir='ltr'><strong>can.</strong></span> <span class='ocrx_word' id='word_1_273' title='bbox 1993 4172 2096 4228; x_wconf 86' lang='lat' dir='ltr'><strong>No.</strong></span> <span class='ocrx_word' id='word_1_274' title='bbox 2133 4175 2248 4241; x_wconf 83' lang='lat'><strong>45).</strong></span> <span class='ocrx_word' id='word_1_275' title='bbox 2327 4173 2482 4227; x_wconf 88' lang='lat' dir='ltr'><strong>Pauli</strong></span> <span class='ocrx_word' id='word_1_276' title='bbox 2515 4172 2681 4226; x_wconf 90' lang='lat' dir='ltr'><strong>Bern-</strong></span> 
     </span>
     <span class='ocr_line' id='line_1_33' title="bbox 553 4266 2681 4339; baseline -0.001 -13"><span class='ocrx_word' id='word_1_277' title='bbox 553 4269 816 4326; x_wconf 86' lang='lat' dir='ltr'><strong>riedensis</strong></span> <span class='ocrx_word' id='word_1_278' title='bbox 850 4282 988 4338; x_wconf 86' lang='lat' dir='ltr'><strong>opus</strong></span> <span class='ocrx_word' id='word_1_279' title='bbox 1020 4270 1076 4323; x_wconf 91' lang='lat' dir='ltr'><strong>in</strong></span> <span class='ocrx_word' id='word_1_280' title='bbox 1118 4270 1360 4339; x_wconf 86' lang='lat' dir='ltr'><strong>pluribus</strong></span> <span class='ocrx_word' id='word_1_281' title='bbox 1394 4270 1543 4325; x_wconf 88' lang='lat' dir='ltr'><strong>libris</strong></span> <span class='ocrx_word' id='word_1_282' title='bbox 1586 4270 1817 4339; x_wconf 85' lang='lat' dir='ltr'><strong>antiquis</strong></span> <span class='ocrx_word' id='word_1_283' title='bbox 1863 4267 2219 4325; x_wconf 88' lang='lat' dir='ltr'><strong>bibliothecae</strong></span> <span class='ocrx_word' id='word_1_284' title='bbox 2252 4266 2681 4324; x_wconf 79' lang='lat' dir='ltr'><strong>‘vindobonensis</strong></span> 
     </span>
     <span class='ocr_line' id='line_1_34' title="bbox 553 4362 2050 4436; baseline -0.005 -14"><span class='ocrx_word' id='word_1_285' title='bbox 553 4366 821 4424; x_wconf 78' lang='lat' dir='ltr'><strong>invenitur</strong></span> <span class='ocrx_word' id='word_1_286' title='bbox 855 4363 1026 4430; x_wconf 83' lang='lat' dir='ltr'><strong>(Hist.</strong></span> <span class='ocrx_word' id='word_1_287' title='bbox 1057 4362 1247 4421; x_wconf 84' lang='lat' dir='ltr'><strong>eccles.</strong></span> <span class='ocrx_word' id='word_1_288' title='bbox 1281 4365 1386 4423; x_wconf 82' lang='lat' dir='ltr'><strong>No.</strong></span> <span class='ocrx_word' id='word_1_289' title='bbox 1425 4367 1476 4418; x_wconf 81' lang='lat'><strong>5.</strong></span> <span class='ocrx_word' id='word_1_290' title='bbox 1514 4364 1568 4422; x_wconf 89' lang='lat' dir='ltr'><strong>S.</strong></span> <span class='ocrx_word' id='word_1_291' title='bbox 1608 4363 1903 4436; x_wconf 70' lang='lat' dir='ltr'><strong>Cruc..No.</strong></span> <span class='ocrx_word' id='word_1_292' title='bbox 1939 4366 2050 4431; x_wconf 82' lang='lat'><strong>12).</strong></span> 
     </span>
    </p>
   </div>
  </div>
 </body>
</html>
