3178 5113
602 604 827 643 Editionis

592 672 848 712 Mansianae

654 743 795 781 loeus.

570 828 687 878 271.
730 826 789 878 C.

571 932 688 983 271.
725 930 794 980 D.

574 1123 689 1174 271.
726 1122 789 1170 E.

480 1276 491 1289 ,
574 1225 692 1276 272.
731 1226 795 1275 A.

575 1416 693 1467 272.
729 1414 791 1466 Β.

577 1605 693 1655 272.
732 1603 795 1653 Β.

578 1783 695 1845 278.
733 1796 798 1845 A.

577 1897 693 1952 273.
731 1900 801 1948 D.

563 1972 704 2053 ξ273.
742 2003 804 2075 Ε.

588 2106 704 2156 275.
745 2107 813 2156 A.

588 2207 708 2261 276.
744 2209 812 2259 1).

588 2313 707 2363 276.
743 2312 805 2362 Ε.

590 2418 705 2469 278.
739 2419 806 2467 A.

589 2521 703 2575 278.
741 2520 801 2571 C.

573 2625 707 2696 279.
744 2626 809 2674 Α.

590 2730 705 2787 282.
750 2730 842 2780 8.·

592 2921 707 2971 283.
745 2920 806 2971 C.

592 3110 707 3159 283.
742 3110 811 3160 D.

592 3385 707 3435 283.
748 3386 809 3433 Ε.

577 3488 709 3539 284.
745 3488 806 3540 Β.

590 3681 707 3731 284.
750 3680 811 3734 Β.

579 3785 708 3856 285.
747 3784 816 3858 n.

596 3889 713 3939 288.
751 3888 814 3939 B.

592 4011 708 4061 288.
747 4010 815 4059 D.

594 4217 709 4268 289.
747 4218 809 4268 Β.

579 4322 712 4375 291.
749 4324 816 4374 A.

1363 386 1982 488 .--24.---Δ

1316 649 1466 689 Lectio
2294 648 2446 688 Lectio

1290 719 1495 769 vulgaris.
2170 718 2338 757 codicis
2366 717 2584 757 Vaticani.

947 824 1106 880 debet
1144 837 1434 892 apponere.
1929 822 2091 877 debet
2127 835 2414 890 opponere.
2452 818 2518 870 H.

946 928 1014 983 N.
1054 925 1343 983 venerabili
1382 923 1734 1002 cluniacensi.
1927 927 1993 981 H.
2015 924 2305 980 venerabili
2324 923 2658 979 cluniacensi
2680 924 2745 989 (i.
2777 941 2806 976 8

1996 1013 2259 1081 Hugoni).

953 1118 1097 1173 ultra
1129 1117 1265 1172 haec
1301 1115 1481 1170 debes.
1927 1119 2068 1172 inter
2100 1116 2235 1171 haec
2269 1115 2448 1170 debes.

945 1223 1003 1279 in
1048 1228 1104 1277 te
1145 1202 1500 1275 'obedientiam
1549 1233 1658 1273 non
1703 1219 1845 1272 inve·
1932 1220 2320 1276 oboedientiam
2354 1219 2411 1273 in
2444 1225 2519 1288 te,
2551 1224 2613 1273 ut
2647 1223 2703 1272 te
2737 1216 2835 1271 de-

1016 1308 1114 1361 nit·
2001 1313 2106 1376 cet,
2140 1323 2248 1362 non
2282 1305 2498 1360 invenit.

950 1412 1039 1482 qui
1083 1411 1257 1466 Deum
1308 1411 1522 1476 timent,
1573 1408 1845 1475 reperiun-
1932 1412 2023 1481 qui
2055 1411 2230 1467 Deum
2255 1409 2492 1478 timeant,
2515 1407 2835 1476 repperiun-

1019 1503 1126 1558 tur.
2000 1504 2105 1552 tur.

949 1607 1192 1656 amantes
1227 1600 1283 1654 in
1316 1604 1436 1654 toto
1457 1597 1737 1653 occidente
1760 1598 1848 1651 vix
1934 1574 2170 1659 amantes
2226 1599 2314 1652 vix
2367 1598 2422 1652 in
2463 1604 2579 1653 toto
2629 1595 2832 1650 mundo

1022 1686 1198 1754 aliqui.
2005 1687 2277 1743 occidente
2313 1684 2494 1753 aliqui.

955 1791 1313 1860 Haremanno,
1348 1790 1612 1845 Udelrico.
1937 1793 2264 1860 HirimannO,
2298 1788 2558 1845 UdelricO.
2591 1810 2607 1827 =

958 1895 1253 1951 cavendum
1287 1893 1409 1964 tibi,
1444 1895 1652 1952 scilicet
1685 1911 1752 1948 ne
1939 1896 2227 1954 cavendum
2259 1895 2358 1948 tibi
2394 1898 2504 1954 est,
2538 1907 2623 1946 ne.

961 1999 1027 2054 V.
1064 1998 1194 2054 Idus
1227 1997 1424 2052 Martii.
1541 1986 1544 1987 ⁷
1940 2003 2005 2058 V.
2041 2002 2162 2056 Kal.
2200 1998 2399 2053 Martii.

961 2103 1050 2158 ille
1087 2102 1224 2157 enim
1257 2117 1364 2155 non
1401 2106 1484 2156 est
1517 2100 1655 2156 adeo
1677 2108 1852 2155 notus·
1939 2106 2029 2161 ille
2066 2121 2172 2159 non
2209 2110 2293 2158 est
2326 2101 2461 2156 adeo
2495 2106 2669 2155 notus.

964 2205 1217 2275 quidquid
1249 2205 1335 2259 isti
1371 2204 1436 2259 de
1474 2221 1539 2259 ea
1572 2221 1650 2259 re.
1941 2211 2190 2282 quicquid
2228 2209 2333 2278 ipsi
2368 2208 2435 2263 de
2471 2222 2537 2262 ea
2570 2220 2647 2259 re.

964 2310 1247 2379 Indignum
1282 2310 1480 2378 quippe
1517 2316 1615 2364 est.
1941 2315 2221 2384 Indignum
2256 2314 2454 2381 quippe
2490 2325 2625 2365 esse.

964 2413 1112 2469 VIII.
1151 2413 1424 2468 Kalendas
1459 2413 1679 2480 Aprilis.
1942 2418 2139 2475 XVIII,
2175 2415 2446 2471 Kalendas
2479 2412 2696 2483 Aprilis.

964 2518 1270 2573 carissimus
1304 2519 1612 2573 cohaereas.
1943 2523 2253 2579 karissimus
2288 2520 2598 2576 adhaereas.

962 2623 1095 2677 illos·
1117 2623 1202 2677 vel
1238 2658 1252 2671 .
1283 2662 1293 2673 .
1320 2660 1332 2672 .
1362 2660 1373 2673 .
1412 2621 1660 2676 videlicet
1694 2621 1779 2675 D.
1805 2659 1816 2671 .
1843 2660 1855 2672 .
1942 2628 2061 2683 illos
2097 2628 2145 2681 E
2176 2666 2189 2680 .
2219 2663 2267 2677 ..
2303 2624 2550 2679 videlicet
2586 2621 2667 2677 Ou
2688 2663 2700 2678 .
2723 2662 2735 2675 .
2764 2660 2776 2673 .

963 2726 1255 2781 intentione
1320 2727 1579 2781 ecclesiae
1642 2726 1860 2796 praela·
1943 2732 2239 2788 intentione
2259 2727 2657 2785 ecclesiasticae
2679 2742 2832 2797 prae·

1031 2814 1208 2868 tionis·
2014 2817 2246 2873 lationis.

966 2934 1032 2972 ex
1067 2918 1375 2972 diversitate
1410 2919 1685 2973 connexio.
1945 2939 2013 2978 ex
2058 2921 2366 2976 diversitate
2410 2918 2657 2974 contexio
2704 2919 2842 2982 (cor-

2012 3010 2271 3075 riqendum
2309 3014 2406 3058 est:
2441 3004 2759 3070 contextio).

963 3109 1019 3162 in
1078 3108 1248 3162 altera
1302 3107 1419 3162 Deo
1472 3108 1672 3176 placita
1731 3099 1865 3164 dile-'
1942 3114 1998 3168 in
2033 3113 2242 3167 alterna
2275 3116 2330 3166 et
2364 3110 2482 3163 Deo
2517 3107 2718 3176 placita
2762 3105 2841 3161 'di-

1033 3195 1207 3250 ctione
1245 3194 1539 3250 sinceritas.
2010 3198 2242 3253 lectione
2307 3195 2587 3251 sinceritas
2652 3193 2839 3260 (corri-

2013 3302 2102 3351 9e:
2148 3284 2450 3338 dilectionis
2487 3282 2841 3345 sinceritate).

966 3383 1329 3454 appellarent,
1363 3392 1424 3440 ut
1459 3385 1579 3454 ipsi.
1860 3413 1863 3414 ⁷
1945 3388 2295 3458 appellarent,
2331 3392 2385 3441 et
2418 3386 2525 3455 ipsi

965 3487 1161 3557 gradus
1195 3488 1323 3542 mihi
1356 3488 1410 3543 in
1445 3490 1548 3544 hoc
1583 3490 1814 3546 saeculo.
1945 3493 2140 3562 gradus
2158 3493 2213 3545 in
2246 3493 2352 3546 hoc
2386 3487 2600 3545 saeculo
2637 3489 2728 3553 (m.
2756 3502 2837 3537 ex-

2008 3587 2240 3649 punctum
2273 3578 2328 3628 in
2370 3576 2511 3641 ναΐ.)

966 3679 1088 3733 XII·
1125 3677 1273 3732 Maii·
1545 3723 1550 3731 ·
1945 3684 2108 3740 *le
2144 3680 2266 3754 Kal.
2301 3679 2450 3734 Maii.

966 3789 1025 3837 tu
1059 3783 1339 3851 potissime
1376 3789 1688 3839 temerator··
1947 3797 2005 3845 tu
2041 3786 2375 3858 potissimum
2410 3787 2722 3839 temerator.

965 3886 1117 3942 nobis
1153 3886 1460 3942 Zeuzonem
1494 3888 1663 3956 quasi.
1948 3891 2102 3947 nobis
2138 3889 2443 3944 Teuzonem
2479 3885 2650 3955 quasi.
2685 3883 2751 3934 H.

966 4007 1103 4062 scias
1157 4014 1212 4061 et
1269 4014 1457 4086 contra
1498 4009 1762 4066 rationem
1809 4018 1864 4065 et
1950 4013 2087 4069 scias
2121 4016 2309 4066 contra
2343 4008 2603 4065 rationem
2625 4005 2836 4060 iniuste.

1035 4095 1244 4149 iniuste.

969 4218 1273 4289 Statuimus,
1307 4226 1367 4272 ut
1401 4217 1446 4273 si
1484 4218 1689 4287 aliquis.
1953 4219 2262 4288 Statuimus,
2297 4217 2344 4272 si
2379 4215 2588 4283 aliquis.

969 4321 1025 4378 Si
1061 4338 1205 4377 vero·
1227 4321 1497 4382 obediens.
1952 4324 2045 4379 Sin
2077 4338 2203 4377 vero
2240 4318 2546 4376 oboediens.
