3178 5113
433 651 658 692 Editionis
759 646 762 649 “

341 752 346 756 ψ
414 722 669 761 Mausianae

479 792 618 830 loeus.

394 879 515 933 329.
553 877 619 927 Α.

400 1068 517 1118 329.
553 1065 617 1116 Β.

401 1171 518 1221 331.
554 1169 617 1219 Β.

403 1275 519 1324 335.
559 1271 618 1323 C.

402 1378 520 1427 335.
558 1376 624 1426 D.

410 1480 527 1531 336.
561 1479 629 1530 D.

406 1584 518 1633 337.
558 1585 622 1632 A.

407 1688 525 1737 340.
563 1685 622 1736 C.

410 1791 527 1842 342.
564 1789 625 1841 Β.

413 2155 531 2205 342.
570 2153 631 2203 Ε.

417 2256 533 2306 343.
572 2256 635 2305 Ε.

404 2359 536 2409 344.
576 2358 645 2437 ο..

417 2463 535 2512 344.
575 2463 641 2512 D.

418 2568 535 2620 345.
571 2567 641 2618 D.

417 2670 533 2722 346.
573 2671 631 2722 c,

419 2774 534 2827 346.
569 2775 635 2829 D.

424 2866 539 2929 343.
577 2880 643 2929 A.

428 2982 546 3031 349.
585 2983 647 3033 A.

427 3085 544 3136 349.
581 3084 648 3134 D.

424 3189 540 3240 349.
578 3190 639 3238 E.

425 3293 542 3343 350.
578 3293 639 3342 Β.

430 3396 544 3445 351.
581 3395 641 3447 Β.

432 3673 549 3723 354.
587 3671 656 3723 D.

432 3776 549 3827 355.
590 3777 654 3825 A.

651 3867 672 3894 0

438 3965 552 4017 355.
590 3966 651 4016 C.

440 4068 552 4121 355.
592 4070 660 4119 D.

438 4172 556 4223 356.
594 4171 662 4222 D.

439 4275 556 4334 356.
594 4275 659 4324 Ε.

441 4379 561 4430 359.
598 4380 668 4431 A.

1307 471 1726 531 ...27-

1141 696 1292 734 Lectio

1119 764 1325 814 vulgaris.

775 872 985 940 merito,
1017 884 1150 938 quas
1174 882 1394 936 sperare
1413 863 1663 920 studium.

771 1059 1265 1129 tergiversationem
1299 1056 1400 1111 sibi
1434 1053 1570 1109 fieri.

778 1170 832 1220 et
865 1164 1042 1219 divina
1075 1161 1383 1228 clementia,
1420 1156 1575 1226 quod.

775 1268 1012 1339 pericula
1046 1265 1115 1320 ad
1150 1264 1520 1334 cognitionem.

779 1371 916 1426 unde
954 1369 1200 1440 gaudeat.

777 1476 926 1530 Inter
959 1475 1061 1529 hoc
1093 1475 1289 1540 itaque.

782 1561 939 1634 simul
975 1576 1311 1646 dedignatur.

781 1698 943 1751 posse
981 1682 1295 1749 episcopum
1332 1678 1608 1732 nominari.

784 1785 968 1855 audita
997 1800 1147 1841 voce.

789 2148 1048 2205 ecclesiae
1086 2146 1441 2216 provideatur·

795 2251 1023 2308 necdum
1057 2256 1273 2304 tantam.

792 2357 897 2411 hoc
932 2370 1037 2408 non
1072 2354 1322 2422 potuerit.
1385 2352 1394 2361 ’

790 2460 937 2514 illum
971 2459 1281 2527 praeterita.

793 2572 853 2619 ut
889 2563 1118 2618 demum.

794 2667 1106 2735 disciplinae
1141 2673 1345 2719 tenore.

791 2787 942 2826 suam
977 2768 1446 2824 consecrationem.

796 2891 945 2929 suum
985 2872 1321 2942 quibuslibet.

800 2978 945 3031 Maii.

802 3081 961 3136 etiam
995 3078 1188 3134 focum.

800 3184 1047 3253 quoniam
1082 3183 1310 3236 illorum.

799 3288 971 3343 nostri
1005 3286 1242 3358 servitio,

802 3391 1233 3460 Vvisigothorum
1268 3387 1513 3456 gloriosis
1558 3384 1695 3452 regi-

871 3479 974 3533 bus
1008 3477 1073 3531 L.
1113 3482 1169 3531 et
1202 3475 1270 3529 A.

805 3665 1133 3723 fraternitati
1163 3672 1289 3720 tuae
1307 3661 1699 3718 committimus.

806 3771 1103 3840 praelibato
1138 3757 1483 3823 antecessori.

809 3959 1065 4027 temporis
1101 3962 1491 4027 supportatum.

812 4063 954 4117 infra
985 4062 1320 4132 praedictum
1355 4060 1605 4129 spatium.

815 4183 934 4222 cum
967 4165 1371 4222 tentationibus.

817 4272 1051 4340 glorioso
1093 4269 1274 4324 comiti
1317 4264 1705 4335 Andegavensi.

817 4381 963 4435 recte
998 4389 1107 4430 non
1139 4371 1417 4427 diiudicas.

2122 682 2271 720 Lectio

2017 752 2187 791 codicis
2218 749 2435 788 Vaticani.

1750 858 1938 913 merito
2006 870 2170 925 queas
2229 826 2448 922 sperare
2465 891 2493 925 ,Ἴ
2536 855 2645 903 stu·

1821 944 1982 999 dium.
2016 942 2083 994 H.

1734 1046 2286 1117 *tergiversationem
2320 1042 2417 1097 tibi
2450 1038 2583 1094 fieri.

1757 1159 1812 1208 et
1844 1152 1980 1206 mira
2014 1148 2314 1216 clementia,
2350 1144 2508 1214 quod.

1756 1254 1998 1327 pericula
2033 1252 2102 1308 ad
2135 1252 2473 1320 agnitionem.

1757 1359 1897 1416 unde
1933 1356 2217 1427 gaudebat.

1757 1466 1906 1520 Inter
1940 1464 2074 1517 haec
2109 1461 2305 1527 itaque.

1763 1568 1943 1624 similis
1979 1565 2310 1634 dedignatur.
2349 1560 2414 1613 H.
2487 1551 2494 1558 ’

1763 1688 1924 1741 posse
1962 1685 2082 1725 esse
2118 1668 2448 1736 episcopum.

1765 1775 1943 1830 audita
1987 1780 2178 1827 morte.
2237 1767 2474 1835 (Caraffa
2516 1764 2659 1832 quani

1835 1863 1895 1914 de
1942 1862 2225 1912 coniectura
2264 1853 2482 1920 marqim'
2524 1850 2659 1901 adie-

1836 1951 1903 2001 cit
1936 1948 2006 2010 id,
2043 1945 2173 2014 quod
2215 1945 2270 1995 in
2306 1941 2413 1992 cod.
2462 1938 2657 2004 ἱερέων.

1834 2035 2125 2087 Harduimw
2163 2030 2396 2082 coniecit.-
2428 2024 2606 2089 nece.)

1771 2139 2029 2195 ecclesiae
2063 2153 2161 2190 rex
2193 2130 2558 2203 provideatur.

1767 2244 2001 2300 *nedum
2035 2245 2257 2294 tantam.

1773 2351 1876 2405 hoe
1910 2362 2018 2402 non
2043 2341 2355 2413 oportuerit.

1772 2455 1919 2509 illum
1953 2456 2009 2506 et
2043 2446 2357 2518 praeterita.

1780 2545 1874 2614 aut
1908 2550 2133 2620 demum.

1777 2663 1844 2717 de
1880 2658 2190 2726 disciplinae
2225 2661 2430 2709 tenore.

1774 2767 1857 2822 sui
1890 2760 2360 2819 consecrationem.

1771 2884 1925 2924 suum
1958 2864 2266 2933 quibusque.

1772 2972 1903 3027 Maii
1938 2967 2223 3024 indictione
2257 2969 2465 3033 quarta.

1775 3076 1933 3131 etiam
1966 3070 2191 3126 fodrum.

1775 3183 1804 3214 *
1823 3176 2070 3247 quoniam
2106 3179 2161 3228 et
2193 3172 2420 3225 illorum.

1777 3290 1962 3336 nostro
2000 3252 2232 3333 servitio.

1779 3382 2211 3451 Vvisigothorum
2246 3376 2493 3447 gloriosis
2535 3374 2670 3442 regi-

1848 3472 1950 3525 bus
2010 3468 2050 3522 1.
2105 3473 2159 3521 et
2211 3464 2277 3519 A.
2335 3462 2672 3528 (Deniynatur

1852 3574 1942 3610 rex
1977 3555 2101 3622 Inye
2136 3553 2200 3618 cf.
2221 3550 2283 3602 L.
2316 3549 2455 3602 VIII.
2479 3564 2549 3614 ep.
2570 3546 2671 3612 II.)

1785 3657 2112 3717 fraternitati
2145 3663 2271 3711 tuae
2307 3651 2639 3708 remittimus.

1786 3764 2080 3835 praephato
2118 3763 2178 3826 (i.
2205 3777 2246 3812 e.
2276 3754 2549 3828 praefato)
2586 3769 2675 3810 an-

1853 3848 2130 3905 tecessori.

1787 3953 2045 4022 temporis
2078 3953 2441 4017 supportatus.

1710 4058 1711 4062 ’
1789 4056 1931 4112 infra
1962 4052 2260 4125 praefixum
2293 4049 2540 4119 spatium.

1791 4161 1888 4214 *in
1920 4156 2322 4213 tentationibus.

1794 4263 2025 4333 glorioso
2060 4259 2257 4316 comiti.

1794 4372 1947 4425 recte
1979 4380 2087 4421 non
2118 4360 2341 4419 dividas.
2381 4358 2446 4414 Η.
