3178 5113
288 627 301 642 ⁹
368 658 597 699 nunionis

357 729 612 768 Mansianae

420 799 561 838 locus.

332 885 450 935 211.
486 884 556 935 D.

334 1074 448 1122 211.
488 1073 551 1122 E.

335 1178 448 1226 211.
485 1175 546 1228 E.

331 1281 448 1331 212.
490 1281 548 1330 O.

339 1369 458 1419 213.
488 1371 555 1420 A.

341 1473 457 1522 214.
495 1471 555 1525 Β.

333 1576 450 1626 215.

332 1680 450 1731 215.

332 1783 450 1833 216.

334 1888 451 1936 218.

333 1992 450 2041 218.

332 2095 448 2146 219.

330 2201 445 2252 221.

332 2303 449 2353 221.

333 2407 450 2455 222.

331 2510 445 2562 223.

331 2614 447 2663 225.

330 2718 448 2768 225.

330 2821 446 2873 225.

332 2924 450 2974 228.

332 3027 364 3075 ιο

368 3027 447 3077 δὲ

485 3027 528 3077 0

330 3305 446 3353 228.
482 3304 550 3354 D.

332 3406 447 3456 230.
483 3408 528 3455 E
540 3443 552 3455 .

330 3511 449 3561 231.
485 3509 545 3561 B.

328 3614 443 3666 231,
477 3613 540 3664 Β.

328 3716 442 3766 233.
484 3718 543 3768 C.

330 3904 445 3954 235.
483 3904 544 3954 B.

330 4007 447 4059 237.
482 4008 550 4057 D.

324 4213 443 4265 238.
479 4215 547 4265 A.

480 1576 555 3079 ,oveesfflpseosvesve

567 1290 590 1419 }

1251 484 1678 546 ...21—

1079 710 1232 750 Lectio

1057 781 1268 830 vulgaris.

708 888 916 975 secreta
952 897 1014 936 ac
1048 881 1395 938 indubitabili.

634 1126 647 1145 ,
708 1089 800 1128 vos
834 1074 939 1142 ipsi
972 1071 1415 1140 comprehendite.

706 1184 767 1231 ut
803 1177 1011 1231 omnino
1046 1176 1327 1231 firmatum.

708 1324 874 1395 sancti
909 1324 1136 1379 Melarii.

713 1488 975 1527 canonum
993 1489 1100 1526 non
1123 1471 1603 1528 communicaverit.

707 1584 891 1632 reatus
928 1578 1012 1632 sui
1045 1577 1392 1646 poenitentia.

706 1682 791 1737 vel
824 1682 941 1750 ipse
977 1681 1059 1735 vel
1095 1697 1195 1749 per
1228 1682 1452 1749 legatos.

706 1786 760 1839 in
794 1768 1146 1840 fornicatione
1182 1785 1551 1853 persistentes.

711 1889 849 1957 quod
884 1906 982 1943 nos
1018 1889 1230 1957 quidem
1266 1888 1545 1943 credimus.

710 1993 923 2049 tandem
958 1994 1314 2062 semetipsum.

708 2097 826 2166 regi
861 2097 1066 2151 oblatos
1103 2113 1240 2169 esse.
1286 2134 1289 2147 ,

713 2209 767 2256 et
801 2216 987 2255 manus
1021 2201 1310 2269 imponere.

712 2305 852 2372 quod
888 2306 937 2359 ei
970 2305 1238 2372 antiquam
1271 2284 1516 2359 debitam.

706 2408 1010 2462 Leuzonem
1044 2410 1373 2463 monachum.

706 2512 949 2580 egregiae
985 2520 1109 2568 sunt
1142 2513 1381 2568 virtutes.

705 2615 847 2684 quod
881 2615 947 2669 de
984 2632 1158 2695 causa.

707 2718 763 2772 Si
797 2735 924 2773 vero
960 2719 1138 2774 istum.

704 2823 977 2877 claustrali
996 2823 1270 2893 disciplina
1283 2830 1596 2878 correctum.

705 2926 799 2980 sed
837 2934 890 2981 et
921 2928 1010 2981 ibi.

706 3031 977 3107 consilium
1020 3032 1373 3099 auxiliumque
1424 3029 1593 3084 daret.

702 3313 863 3374 prout
899 3313 1112 3375 oportet
1148 3312 1401 3361 statuere.

702 3411 1060 3478 praecipimus
1093 3420 1153 3466 ut
1185 3414 1502 3479 utrumque.'

703 3514 980 3583 eredimus,
1002 3515 1142 3583 quod
1152 3514 1467 3582 ubicumque
1477 3513 1598 3568 duo,

702 3634 733 3672 a
768 3619 929 3673 corde
965 3627 1146 3673 nostro
1182 3617 1358 3673 debet.

701 3723 1046 3790 apostolicam
1081 3721 1519 3778 benedictionem.

702 3913 789 3981 qui
823 3921 947 3967 sunt
984 3930 1050 3967 ex
1086 3913 1440 3968 contentione.

702 4017 928 4086 aliquem
947 4018 1118 4072 modo
1155 4016 1223 4070 ad
1246 4018 1363 4071 illas
1391 4023 1596 4084 partes·

704 4224 861 4278 talem
907 4224 1005 4279 sibi
1040 4225 1297 4279 honorem
1346 4231 1400 4279 et
1447 4240 1598 4278 reve-

772 4311 999 4368 rentiam
1037 4311 1346 4368 exhibeatis.

2063 707 2214 748 Lectio

1934 778 2101 817 codicis
2130 779 2350 820 Vaticani.

1692 896 1751 936 se
1786 886 1936 935 certa
1970 896 2032 935 ac
2065 881 2402 938 indubitabili
2433 883 2581 949 (Car.

1759 969 2012 1032 secerta).
2257 966 2260 967 ’

1690 1086 1784 1125 vos
1817 1071 1919 1138 ipsi
1954 1070 2417 1139 comprehenditis.

1691 1180 1747 1228 et
1782 1175 1991 1229 omnino
2026 1174 2307 1230 firmatum.

1691 1321 1861 1375 sancti
1895 1322 2129 1376 Melanii.
2165 1324 2232 1374 H.

1690 1487 1952 1525 canonum
1985 1487 2091 1526 non
2125 1473 2544 1530 communicavit.

1687 1557 1870 1629 reatus
1907 1576 1989 1629 sui
2026 1578 2397 1643 competentia.

1687 1679 1770 1732 vel
1804 1695 1903 1746 per
1949 1695 2006 1733 se
2042 1680 2126 1733 vel
2163 1696 2261 1747 per
2298 1682 2523 1749 legatos

1685 1781 1741 1835 in
1776 1781 2124 1836 fornicatione
2160 1794 2449 1839 manentes.

1687 1885 1829 1954 quod
1866 1892 1919 1939 et
1936 1902 2032 1940 nos
2058 1886 2269 1954 quidem
2297 1888 2576 1944 credimus.

1625 2028 1629 2033 .
1692 1989 1941 2043 *tandem
1978 2006 2077 2057 per
2110 1992 2468 2060 semetipsum.

1690 2093 1805 2161 regi
1836 2093 2098 2161 obligatos
2135 2110 2271 2148 esse.
2323 2134 2324 2139 κ

1690 2198 1740 2252 ei
1774 2213 1962 2251 manus
1997 2199 2285 2264 imponere.

1688 2301 1828 2369 quod
1864 2302 1912 2356 ei
1946 2301 2213 2368 antiquam
2247 2308 2302 2356 et
2328 2302 2576 2359 debitam.

1686 2405 1992 2459 Teuzonem
2026 2406 2353 2459 monachum.

1687 2510 1933 2577 egregiae
1968 2508 2073 2563 siut
2107 2475 2348 2566 rii-tutes.

1687 2612 1827 2681 quod
1863 2612 1929 2666 de
1967 2627 2031 2667 ea
2065 2627 2242 2667 causa.

1688 2716 1780 2770 Sin
1813 2733 1941 2770 vero
1978 2718 2158 2770 istum.

1688 2820 1959 2875 claustrali
1972 2820 2249 2888 disciplina
2259 2829 2578 2890 correptum.

1687 2923 1783 2978 sed
1819 2932 1872 2978 et
1908 2924 2020 2978 tibi.
2060 2923 2125 2975 H.

1686 3030 1960 3083 consilium
2017 3029 2374 3096 auxiliumque
2428 3044 2582 3097 para-

1751 3124 1837 3170 ret
1903 3116 2138 3183 (Carcrffa
2203 3121 2421 3184 pareat·
2444 3116 2581 3165 Har-

1755 3204 1932 3253 dazinus
1965 3203 2168 3270 paret).

1684 3314 1845 3375 prout
1882 3313 2130 3374 oport-eat
2165 3311 2422 3361 statuere.

1684 3411 2054 3479 praecepimus
2090 3416 2150 3462 ut
2184 3416 2485 3478 utrumque.

1684 3515 2014 3582 *eredimus‚
2049 3513 2346 3580 ubicunque
2367 3499 2503 3567 duo.

1686 3635 1719 3672 a
1755 3618 1916 3672 corde
1953 3624 2129 3671 vestro
2168 3615 2342 3671 debet.

1681 3721 2068 3789 *apostolicam
2135 3711 2576 3792 benedictionem,

1753 3809 1800 3862 si
1836 3808 2183 3861 oboedierint.

1682 3912 1772 3979 qui
1809 3927 1874 3964 ex
1911 3911 2267 3965 contentione.

1681 4017 1909 4082 aliquem
1952 4014 2109 4066 modo
2162 4014 2231 4067 ad
2272 4015 2370 4069 has
2417 4016 2574 4071 modo

1750 4101 1818 4154 ad
1851 4102 1968 4154 illas
2004 4108 2203 4167 partes.

1682 4223 1844 4277 talem
1892 4221 1991 4275 sibi
2034 4222 2387 4277 reverentiam
2431 4223 2576 4279 exhi-

1754 4309 1927 4362 beatis
1974 4307 2207 4398 (Cczraffa
2251 4310 2304 4363 h.
2355 4326 2401 4364 e.
2452 4328 2576 4378 quae
2643 4350 2648 4355 -

1753 4397 1807 4446 in
1824 4396 1990 4450 codice
2011 4396 2168 4446 deleta
2191 4405 2323 4467 aurat,
2344 4398 2570 4464 adiecit).
