3178 5113
1522 492 1953 555 ...44-

600 657 744 728 luce
789 653 1033 729 clarius
1072 667 1365 747 apparet,
1412 662 1698 728 codicem
1716 713 1731 743 ,
1793 684 1923 747 quo
1966 662 2074 729 ille
2118 661 2446 744 utebatur,
2495 659 2658 728 nihil
2694 657 2865 727 aliud

601 774 801 840 fuisse
870 796 1064 860 quam
1130 777 1436 841 vitiosum
1488 776 1934 860 apographum
1996 775 2508 842 Clarevallensis.
2637 774 2866 857 Itaque

601 887 1053 969 Mutinensem,
1093 890 1202 972 qui
1225 893 1378 953 ante
1403 889 1732 953 saeculum
1755 888 1921 953 XVI.
1971 888 2303 954 confectus
2348 910 2481 954 non
2526 891 2650 968 est,
2699 887 2866 951 tanti

602 1001 948 1065 aestimare
983 1022 1115 1066 non
1139 1022 1424 1085 possum,
1467 1002 1698 1086 quanti
1730 1001 2020 1067 Mansius
2062 1001 2242 1082 fecit3
2287 1002 2680 1085 praesertim
2725 1021 2866 1065 cum

602 1115 996 1196 comparatis
1052 1113 1439 1180 lectionibus
1508 1116 1646 1179 eius
1713 1136 1858 1179 cum
1901 1114 2236 1180 Vaticanis
2295 1113 2866 1198 persuasissimum

600 1225 894 1306 habeam,
939 1231 1006 1290 et
1048 1227 1261 1310 ipsum
1307 1225 1879 1307 ClarevaUensem,
1948 1248 2140 1312 quem
2184 1225 2550 1310 descripsit,
2600 1246 2682 1291 ex
2741 1223 2864 1289 Va-

600 1340 817 1404 ticano
889 1340 1203 1423 originem
1262 1338 1519 1404 ducere.
1626 1338 2057 1416 Quamobrem
2120 1361 2202 1404 ne
2268 1361 2348 1404 ex
2410 1338 2537 1403 hoc
2606 1335 2866 1422 quidem
2937 1354 2942 1359 ·

600 1473 903 1534 magnum
938 1452 1220 1518 fructum
1246 1450 1332 1516 ad
1355 1452 1726 1535 Registrum
1751 1451 2223 1518 emendandum
2246 1455 2603 1536 expectem.
2655 1450 2867 1515 Tanta

602 1569 822 1630 autem
867 1565 1260 1648 antiquitate
1307 1563 1800 1630 Clarevallensis
1838 1566 2095 1631 excellit
2127 1603 2209 1614 —-
2242 1567 2374 1630 iam
2416 1564 2682 1629 saeculo
2726 1560 2862 1628 XII.

604 1681 913 1742 exaratus
960 1698 1104 1742 esse
1149 1677 1388 1742 dicitur
1440 1715 1528 1725 —
1549 1728 1564 1758 ,
1634 1682 1710 1742 ut
1752 1700 1989 1762 magna
2030 1700 2134 1743 me
2179 1676 2537 1761 cupiditate
2583 1675 2865 1760 flagrare

603 1788 919 1857 confitear
963 1790 1246 1856 certiora
1292 1789 1726 1874 cognoscendi
1791 1789 1871 1856 de
1919 1792 2055 1856 eius
2099 1789 2329 1856 habitu
2375 1794 2443 1855 et
2486 1788 2863 1854 conditione

599 1923 808 1986 neque
855 1904 1103 1987 gratius
1145 1904 1301 1967 mihi
1344 1901 1484 1968 fieri
1528 1924 1744 1986 posse,
1791 1925 1985 1987 quam
2026 1905 2081 1969 si
2125 1904 2269 1986 quis
2315 1924 2394 1968 ex
2418 1902 2573 1967 viris
2617 1900 2862 1967 doetis-

600 2016 795 2096 simiS,
843 2015 1076 2099 quibus
1120 2016 1327 2082 facilis
1374 2015 1592 2081 aditus
1636 2015 2068 2082 bibliothecae
2100 2016 2439 2081 Trecensis
2460 2018 2714 2098 pateat,
2760 2033 2861 2078 me

600 2126 680 2192 de
725 2128 825 2192 his
871 2127 1068 2193 rebus
1115 2129 1459 2195 certiorem
1498 2129 1714 2195 facere
1759 2130 2052 2195 voluerit.
2141 2128 2366 2213 Neque
2411 2149 2565 2194 vero
2612 2129 2683 2193 in
2723 2126 2864 2191 Mu-

599 2242 840 2306 tinensi
902 2262 1114 2325 neque
1169 2228 1237 2305 in
1303 2241 1448 2307 aliis
1515 2242 1845 2307 codicibus
1897 2242 2277 2308 recentioris
2335 2240 2573 2307 aetatis
2619 2260 2880 2306 morors

599 2353 992 2419 Persuasum
1027 2356 1198 2419 enim
1239 2355 1396 2420 mihi
1442 2361 1561 2435 est,
1610 2375 1875 2438 operam
1899 2360 1965 2419 et
2006 2355 2218 2419 oleum
2245 2352 2536 2437 perdere,
2585 2354 2701 2438 qui
2743 2353 2861 2418 hos

599 2467 803 2532 libros
849 2469 1218 2536 accuratius
1263 2468 1666 2553 perscrutari
1712 2468 2034 2547 statuerit,
2081 2488 2225 2532 cum
2261 2487 2528 2550 parvam
2571 2467 2675 2533 vel
2720 2465 2859 2532 nul-

595 2581 728 2646 lam
764 2582 1119 2648 utilitatem
1164 2581 1396 2649 afferre
1438 2583 1698 2667 possint
1733 2581 1819 2647 ad
1852 2581 2053 2647 verba
2098 2579 2393 2665 Gregorii
2429 2580 2857 2647 restituenda.

770 2808 1005 2873 Restat
1047 2806 1324 2892 denique
1369 2807 1544 2873 aliud
1613 2829 1813 2892 genus
1867 2805 2204 2892 praesidii,
2262 2806 2438 2890 quod
2482 2827 2614 2872 non
2658 2805 2861 2892 negli-

600 2920 880 3004 gendum
921 2920 1209 3000 videtur,
1256 2922 1548 3003 quamvis
1585 2925 1777 2986 caute
1822 2917 2242 2985 adhibeamus
2290 2923 2613 3003 oporteat.
2727 2920 2862 2985 Iam

599 3033 766 3099 enim
813 3033 1072 3098 saeculo
1118 3032 1227 3097 XI.
1277 3037 1556 3098 exeunte
1601 3037 1669 3098 et
1713 3031 2259 3117 subsequentibus
2304 3031 2712 3116 temporibus
2737 3032 2859 3097 Re-

598 3146 874 3229 gistrum
917 3144 1281 3211 adhibitum
1325 3151 1427 3210 est
1472 3166 1512 3210 a
1558 3145 1991 3229 scriptoribus
2026 3144 2435 3229 quibusdam,
2484 3146 2595 3230 qui
2633 3145 2856 3212 melio-

596 3257 778 3323 ribus
826 3259 1151 3341 exemplis,
1191 3280 1385 3343 quam
1409 3278 1575 3343 quae
1621 3280 1795 3323 nunc
1836 3258 2169 3339 habemuS,
2218 3260 2319 3324 usi
2365 3278 2508 3324 esse
2532 3256 2854 3324 videntur.

596 3368 696 3434 Ex
721 3392 797 3436 eo
822 3391 1088 3435 numero
1115 3375 1217 3436 est
1237 3369 1601 3435 Deusdedit
1624 3369 1971 3436 cardinalis
1994 3371 2341 3451 Romanus,
2387 3371 2498 3454 qui
2538 3369 2625 3435 ad
2661 3371 2856 3438 colle-

598 3484 879 3548 ctionem
923 3504 1244 3548 canonum
1267 3482 1735 3549 conficiendam
1756 3483 1932 3548 haud
1971 3504 2124 3549 raro
2150 3482 2587 3567 Gregorianas
2612 3484 2855 3568 episto·

594 3595 694 3661 las
739 3594 919 3676 adiit,
966 3600 1069 3661 est
1090 3595 1279 3680 Hugo
1303 3596 1826 3676 FlaviniacensiS,
1872 3598 1983 3680 qui
2020 3597 2088 3662 in
2133 3597 2437 3663 chronico
2465 3578 2858 3664 Virdunensi

594 3707 875 3791 plurima
918 3727 999 3773 ex
1042 3708 1343 3793 Registro
1390 3708 1476 3774 ad
1517 3709 1807 3774 litteram
1854 3708 2227 3795 descripsit,
2295 3714 2399 3775 est
2464 3709 2577 3792 qui
2617 3707 2856 3775 librum

594 3819 1033 3904 pontificalem
1077 3823 1480 3889 continuavit
1526 3821 1937 3908 (Pandulfus)
1958 3874 1973 3905 ,
2018 3829 2158 3888 tum
2200 3822 2489 3902 Ulricus,
2536 3819 2853 3904 composi-

595 3933 705 3998 tor
749 3932 988 3998 codicis
1034 3935 1402 4018 epistolaris
1426 3935 1942 4020 Bambergensis,
1978 3935 2220 4000 Paulus
2244 3934 2525 4019 denique
2552 3933 2852 3999 Bernrie-

599 4040 835 4125 densis,
886 4046 999 4131 qui
1039 4048 1387 4132 praecipue
1432 4048 1806 4131 Registrum
1843 4052 2107 4113 secutus
2152 4047 2653 4124 commentarios
2699 4065 2851 4113 suos

600 4158 681 4224 de
704 4158 900 4225 rebus
941 4162 1142 4244 gestis
1168 4159 1465 4246 Gregorii
1485 4160 1624 4226 VII.
1671 4162 1950 4244 scripsit.
2039 4159 2333 4243 Hugonis
2378 4160 2730 4226 chronicon
2773 4178 2852 4223 ex

600 4273 1007 4357 autographo
1052 4272 1346 4338 Pertzius
1384 4294 1635 4338 summa
1680 4294 1838 4338 cura
1881 4271 2086 4338 edidit
2131 4274 2330 4360 (Mon.
2356 4273 2568 4340 Germ.
2616 4272 2848 4354 Script.

600 4384 769 4454 Vm.
813 4407 877 4471 p.
923 4390 1047 4451 288
1072 4423 1157 4433 -
1181 4388 1366 4470 502);
1435 4391 1803 4452 ceterorum
1848 4405 2143 4469 operum,
2212 4408 2378 4472 quae
2431 4385 2850 4462 laudavimus,
