3178 5113
589 477 902 559 tuamque
943 478 1012 540 et
1057 473 1457 540 confratrum
1503 472 1787 538 omnium
1813 475 2121 556 patenter
2140 471 2643 558 promulgabis.“
2696 472 2912 540 Cor-

588 587 763 671 rige:
807 588 1186 651 auctoritate
1231 592 1475 670 tuaque,
1523 584 1742 651 omnia
1781 589 1962 651 recte
2008 606 2079 652 se
2122 582 2475 653 habebunt.

760 698 834 764 L.
879 698 959 763 II.
1006 718 1106 782 ep.
1155 701 1235 764 73
1283 696 1395 777 (M.
1450 701 1568 765 183
1618 696 1736 782 0.).
1838 697 2017 779 ,,ΧΠ.
2065 697 2395 767 Kaiendas
2438 697 2653 764 Maii.“
2761 698 2903 765 Sic

591 812 797 879 codex
841 811 1218 877 Vaticanus.
1331 810 1460 877 Sed
1500 809 1779 895 epistola
1834 811 2080 895 scripta
2137 816 2240 878 est
2296 811 2442 877 XV.
2515 811 2900 875 Kalendae

592 924 776 990 Maii.
842 924 932 991 cf.
978 923 1318 1008 epistolam
1364 923 1887 1008 subsequentem.
1944 922 2202 990 Caraffa
2246 945 2596 1009 omnesque
2640 922 2890 991 edito—

591 1056 725 1104 res:
773 1036 950 1120 „VIL
997 1037 1202 1117 Kai.“,
1247 1036 1423 1120 quod
1467 1057 1601 1102 non
1645 1035 1787 1101 aliis
1827 1036 2171 1121 praesidiis
2196 1088 2211 1118 ,
2258 1036 2375 1104 sed
2417 1037 2885 1122 negligentiae

593 1150 784 1235 primi
826 1148 1218 1236 typographi
1258 1152 1374 1215 aut
1417 1149 1836 1215 amanuensis
1881 1148 2176 1216 Oarafl'ae
2218 1149 2637 1217 tribuendum
2675 1153 2816 1216 est.

764 1263 837 1328 L.
883 1263 994 1328 III.
1042 1284 1141 1347 ep.
1190 1268 1226 1327 7
1275 1262 1391 1340 (M.
1445 1266 1563 1328 192
1611 1261 1740 1338 D.).
1831 1260 2001 1344 „Sed
2035 1263 2188 1348 quia
2232 1262 2677 1330 desideramus
2721 1284 2879 1330 non

595 1375 1186 1463 solumvobiscum,
1230 1395 1423 1461 quem
1443 1374 1622 1441 Deus
1664 1374 1733 1440 in
1778 1396 2025 1442 summo
2061 1396 2280 1441 rerum
2302 1377 2524 1461 posuit
2556 1376 2876 1457 culmine,

597 1488 713 1554 sed
758 1489 955 1554 etiam
999 1509 1146 1553 cum
1191 1486 1488 1553 omnibus
1533 1486 1901 1554 hominibus
1960 1508 2220 1573 pacem,
2267 1509 2435 1573 quae
2477 1489 2546 1555 in
2590 1488 2875 1556 Christo

596 1606 729 1683 est,
795 1601 1040 1667 habere
1103 1602 1331 1685 iusque
1411 1620 1609 1666 suum
1674 1600 2020 1686 unicuique
2090 1600 2468 1682 observare,
2557 1586 2874 1687 cupimus

597 1734 1001 1799 summopere
1067 1713 1263 1780 corde
1329 1716 1396 1778 et
1465 1713 1680 1780 animo
1747 1713 2165 1780 adhaerere.“
2287 1713 2633 1781 Manifesto
2697 1719 2873 1799 post

597 1832 1081 1912 „summopere“
1129 1825 1369 1892 excidit
1411 1825 1689 1911 aliquid,
1747 1825 2031 1894 fortasse
2073 1828 2304 1891 honori
2342 1834 2580 1902 vestr-03
2623 1849 2867 1914 quam-

598 1963 791 2026 quam
836 1941 1035 2006 etiam
1072 1959 1294 2025 reqno,
1339 1941 1670 2003 commodo
1712 1946 1940 2020 vestro,
1981 1940 2108 2006 alia
2149 1940 2306 2006 ferri
2347 1946 2643 2027 possunt.

767 2053 1017 2117 Eodem
1081 2056 1233 2148 loco.
1357 2051 1814 2137 „Quapropter
1879 2051 2118 2119 bonam
2174 2055 2442 2138 concepi
2499 2054 2857 2137 fortunam,

597 2169 750 2255 quia
786 2167 955 2233 hanc
998 2171 1309 2246 nostram,
1349 2166 1544 2232 immo
1589 2166 1795 2231 totius
1836 2166 2148 2233 ecclesiae
2193 2189 2477 2248 causam,
2531 2158 2853 2253 religiosis

595 2280 962 2354 hominibus
1008 2280 1281 2363 coepisti
1325 2280 1748 2358 committere,
1793 2277 1905 2363 qui
1946 2300 2098 2359 nos,
2143 2300 2276 2346 non
2319 2285 2550 2348 nostra
2591 2282 2848 2363 iniuste,

599 2395 875 2480 diligunt
920 2396 1018 2474 et,
1062 2396 1139 2457 ut
1182 2391 1539 2458 christiana
1579 2390 1987 2457 instauretur
2029 2393 2274 2477 religi0,
2314 2414 2499 2460 suam
2540 2395 2849 2461 intentio-

598 2530 747 2576 nem
790 2506 1191 2592 requirunt.“
1298 2502 1676 2571 Harduinus
1721 2505 2024 2572 coniecit:
2077 2506 2323 2588 „solam
2362 2507 2848 2575 intentionem.“

603 2621 730 2689 Sed
743 2637 851 2687 ‘ne
896 2620 989 2686 sic
1024 2618 1283 2703 quidem
1306 2619 1521 2685 omnia
1544 2623 1698 2703 apte
1721 2617 2068 2704 quadrant.
2124 2619 2845 2700 „Sinceraintentione“

602 2732 1012 2802 scribendum
1055 2732 1327 2798 videtur.
2570 2737 2573 2740 ’

770 2845 843 2911 L.
889 2845 998 2910 111.
1038 2865 1137 2927 ep.
1184 2846 1223 2909 8
1272 2843 1382 2930 (M.
1414 2848 1532 2909 193
1578 2843 1704 2931 Ε.).
1795 2842 2000 2925 „Nam
2029 2843 2110 2911 de
2152 2845 2263 2912 illo
2309 2846 2464 2932 quid
2510 2847 2843 2915 dicendum

600 2957 789 3027 nobis
835 2962 953 3038 est,
996 2958 1125 3041 qui,
1167 2956 1321 3022 dum
1363 2956 1676 3023 honorem
1697 2951 2008 3024 'eiusdem
2053 2958 2225 3024 sedis
2267 2959 2564 3026 nefandis
2587 2960 2841 3027 affecta-

602 3077 706 3139 ret
750 3069 1118 3151 desideriis,
1186 3070 1361 3154 quod
1423 3072 1677 3138 iustitia
1731 3071 1855 3138 sibi
1896 3070 2264 3155 denegavit,
2325 3073 2639 3157 sacrilega
2681 3074 2739 3139 vi
2778 3078 2841 3139 et

604 3186 799 3252 armis
839 3182 1144 3250 invadere
1190 3205 1267 3249 ac
1312 3183 1593 3269 diripere
1649 3205 1781 3250 non
1832 3185 2156 3267 pepercit,
2225 3205 2417 3269 quem
2481 3185 2837 3253 ambitionis

606 3300 812 3383 culpa,
857 3318 1052 3381 quam
1095 3296 1395 3363 deserere
1438 3298 1667 3377 noluit,
1713 3317 1918 3380 usque
1964 3294 2049 3361 ad
2087 3297 2330 3364 iustam
2374 3297 2836 3383 dampnationis

604 3418 756 3479 tuae
777 3410 1129 3496 perniciem
1171 3409 1419 3475 traxit?
1486 3409 2023 3493 „Dampnationis
2043 3430 2194 3475 suae
2216 3412 2477 3496 scripsit
2501 3410 2836 3497 Gregorius

606 3526 687 3591 de
732 3521 1083 3591 Godesrido
1128 3542 1348 3606 agens,
1395 3542 1527 3588 non
1572 3521 1653 3587 de
1700 3521 2006 3589 Tedaldo,

773 3638 847 3703 L.
893 3637 1003 3702 111.
1051 3657 1149 3720 ep.
1198 3640 1235 3701 9
1284 3635 1395 3722 (M.
1427 3641 1547 3701 194
1571 3635 1696 3720 Ε.).
1763 3635 2044 3718 „Notum
2085 3635 2269 3703 vobis
2292 3656 2435 3702 esse
2461 3635 2542 3702 de
2567 3635 2831 3726 Tedaldo

605 3745 1071 3837 Medioianensi
1116 3749 1410 3815 clerico.“
1499 3748 1605 3815 Sic
1651 3748 2026 3815 Vaticanus.
2111 3746 2369 3816 Oaraffa
2412 3747 2665 3815 addidit
2701 3753 2832 3835 post

607 3863 895 3954 „vobis“:
941 3862 1267 3940 volumus3
1310 3860 1529 3926 malim
1571 3864 1905 3927 credimus.
2778 3855 2781 3860 ’

776 3975 1028 4039 Eodem
1069 3977 1204 4037 loco
1252 3973 1363 4080 (M.
1413 3977 1531 4039 195
1556 3974 1682 4060 A.).
1767 3973 1993 4056 „Quod
2032 3994 2178 4039 oum
2211 3994 2329 4058 per
2363 3974 2679 4059 quosdam
2696 3975 2828 4042 fide·

606 4090 702 4155 les
740 4092 1005 4154 nostros
1049 4083 1344 4153 nostram
1388 4087 1756 4171 requireret
1790 4087 2199 4152 amicitiam.“
2293 4088 2419 4164 Qua·
2459 4089 2740 4172 corrige.

779 4199 849 4270 L.
894 4199 1004 4265 111.
1052 4199 1149 4283 ep.
1203 4204 1280 4266 10
1328 4198 1438 4285 (M.
1490 4204 1609 4265 196
1655 4201 1784 4284 D.).
1874 4198 2326 4297 „Quapropter
2388 4198 2826 4296 providendum
