3178 5113
1481 1689 1541 1773 I.

392 1859 650 1995 Ingens·
695 1913 798 1976 est
852 1927 1087 1976 nomen
1132 1906 1428 1992 Gregorii
1468 1906 1608 1972 VH.
1665 1906 1733 1972 in
1798 1904 2139 1972 annalibus
2195 1909 2275 1977 θὴ,
2307 1907 2509 1973 sacris
2572 1912 2640 1973 et

385 2021 697 2107 profanis.
805 2021 972 2088 Nam
1036 2022 1104 2088 in
1169 2024 1361 2086 tanta
1416 2020 1582 2085 serie
1633 2018 2010 2104 pontificum
2053 2019 2509 2085 Romanorum'
2532 2021 2638 2086 vix

390 2134 556 2201 alius
635 2135 977 2220 quisquam
1042 2136 1341 2218 repertus
1408 2135 1535 2213 est,
1621 2132 1734 2216 qui
1823 2134 2222 2198 commutata
2298 2133 2637 2200 universae

390 2248 702 2314 ecclesiae
748 2246 1118 2313 conditione
1162 2236 1469 2329 statuque
1505 2262 1854 2329 regnorum
1887 2244 2299 2311 vehementer
2321 2267 2636 2313 concusso

390 2360 593 2444 magis
638 2379 842 2445 genus
885 2360 1237 2425 humanum
1280 2378 1485 2442 usque
1529 2356 1616 2424 ad
1659 2356 2008 2424 novissima
2041 2361 2339 2442 tempora
2360 2380 2640 2426 commo-

387 2473 554 2539 verit
598 2495 676 2540 ac
718 2471 1217 2560 perturbaverit.
1305 2471 1565 2536 Minime
1609 2470 1808 2555 igitur
1857 2469 2222 2537 mirandum
2266 2475 2399 2554 est,
2466 2473 2641 2558 quod

390 2585 471 2653 de
511 2588 768 2672 ingenio
814 2591 883 2654 θὴ
926 2586 1210 2653 consiliis
1270 2583 1614 2670 singularis
1658 2582 1991 2685 illiuaviri
2035 2584 2200 2651 alius
2256 2585 2449 2652 aliter
2493 2608 2639 2653 sen-

355 2699 516 2766 'tire
564 2700 750 2782 solet,
795 2699 971 2785 quod
1012 2699 1233 2766 multis
1275 2698 1539 2782 placent
1554 2746 1570 2778 ,
1628 2716 1806 2781 ¹quae
1848 2717 1889 2762 a
1929 2696 2223 2780 pluribus
2267 2699 2638 2783 improban-

389 2815 527 2893 tur,
574 2803 762 2896 quod*
790 2813 891 2879 vel
932 2811 1472 2896 prudentissimos
1515 2810 1836 2890 homineS,
1883 2831 2028 2876 cum
2071 2809 2152 2876 de
2193 2810 2638 2879 Hildebrando

396 2925 723 2987 sententia
755 2922 1023 2990 ferenda
1065 2929 1187 3005 θεὴ,
1220 2925 1288 2989 in
1333 2922 1699 2992 contrarias
1719 2925 1945 3007 partes
1972 2921 2307 2989 discedere
2329 2923 2636 2992 videmus.

392 3032 620 3119 Neque
657 3033 1057 3118 crediderim,
1099 3037 1241 3102 fore
1284 3041 1361 3101 ut
1402 3056 1690 3120 unquam
1735 3034 1816 3101 de
1862 3043 1939 3100 eo
1983 3034 2156 3101 idem
2200 3057 2421 3104 omnes
2466 3060 2639 3105 com-

389 3148 569 3214 muni
613 3148 941 3214 sententia
985 3151 1309 3229 statuant,
1369 3169 1515 3214 cum
1558 3168 1703 3214 eam
1755 3148 2281 3231 controversiam,
2328 3172 2521 3234 quam
2559 3150 2638 3216 de

389 3260 627 3326 finibus
667 3262 842 3327 inter
906 3261 1245 3327 ecclesiam
1311 3267 1379 3327 et
1419 3260 1881 3345 rempublicam
1917 3261 2390 3328 constituendis
2434 3284 2638 3347 quon-

394 3371 546 3440 dam
585 3375 833 3455 intulit,
898 3375 1268 3441 etiamnunc
1311 3375 1417 3459 agi
1459 3374 1792 3442 videamus
1835 3394 1967 3439 non
2021 3376 2158 3440 sine
2201 3396 2438 3460 magna
2503 3379 2640 3442 ani-

391 3506 664 3552 morum-
686 3486 1070 3553 irritatione.
2032 3475 2035 3480 ’

562 3597 1026 3665 Verumtamen
1067 3598 1137 3664 id
1177 3599 1331 3666 mihi
1370 3619 1503 3665 non
1562 3599 1770 3665 solum
1812 3598 2336 3681 admirationem,
2381 3599 2497 3666 sed
2538 3602 2638 3666 in-

387 3708 829 3798 dignationem
897 3709 1225 3796 quandam
1288 3715 1536 3794 movet,
1606 3711 1781 3796 quod
1841 3713 2133 3796 plerique
2194 3712 2272 3779 de
2342 3711 2640 3795 Gregorii

389 3826 670 3893 consiliis
738 3825 1079 3909 disputant
1137 3824 1325 3909 quasi
1381 3824 1461 3891 de
1505 3823 1703 3890 rebus
1751 3826 1993 3891 crassis
2037 3823 2324 3890 tenebris
2370 3826 2639 3890 circum-

392 3932 569 4017 fusis,
613 3937 694 4005 de
737 3937 971 4023 quibus
1013 3938 1118 4004 vix
1163 3937 1514 4022 quidquam
1555 3939 1796 4003 certius
1841 3943 1910 4003 et
1955 3938 2105 4003 sciri
2138 3941 2205 4002 et
2250 3936 2376 4002 dici
2396 3937 2635 4020 possit;

393 4067 781 4134 quamquam
819 4050 998 4117 facta
1052 4051 1193 4117 eius
1247 4050 1486 4116 nemini
1526 4071 1660 4117 non
1703 4053 1864 4115 nota
1909 4054 2092 4131 sunt,
2151 4053 2217 4115 et
2255 4049 2422 4133 ipse,
2483 4048 2640 4132 quid

389 4161 783 4244 spectaverit
796 4210 812 4242 ,
885 4163 1166 4248 ingenua
1230 4165 1427 4229 animi
1496 4163 1908 4247 simplicitate
1972 4183 2166 4247 quam
2232 4161 2638 4245 apertissime

388 4272 685 4341 omnibus
727 4273 1092 4342 hominibus
1149 4275 1521 4344 declaravit.
1630 4275 1916 4340 Exstant
1980 4275 2151 4340 enim
2178 4274 2641 4366 ,commentarii

355 4384 524 4469 eius
570 4390 638 4454 et
680 4385 997 4473 epistolae
1033 4388 1423 4472 permultae,
1476 4387 1545 4454 in
1589 4386 1825 4472 quibus
1880 4388 2020 4472 ipse
2064 4390 2275 4454 totam
2317 4388 2641 4453 rationem

2261 4511 2290 4561 1
2304 4509 2336 4547 8
