3178 5113
1324 427 1757 490 ...35-

408 597 566 662 dare
591 599 864 662 conatus
891 600 996 662 est
1038 595 1413 663 scribendo:
1461 618 1784 685 „curaque
1806 597 2186 665 monasterii
2208 601 2276 663 et
2298 617 2479 681 spem
2503 601 2668 664 etc.“

410 708 538 775 Sed
584 730 668 775 ne
713 710 807 774 sic
851 708 1112 794 quidem
1152 711 1368 775 omnia
1410 710 1577 784 bene
1624 733 1694 778 se
1738 710 2003 778 habent.
2078 709 2502 778 Scribendum
2525 730 2668 776 esse

406 827 601 907 puto:
649 842 873 886 curam
917 825 1172 907 antiqui
1209 826 1569 890 ministerii.
1658 824 2087 891 Ministerium
2131 829 2234 889 est
2267 823 2670 889 territorium

411 936 826 1019 episcopatus
847 985 862 1015 ‚
931 955 1061 1021 quo
1105 956 1301 1003 sensu
1358 937 1427 1002 in
1471 936 1616 1002 aliis
1662 957 1921 1022 quoque
1981 935 2272 1029 epistolis
2318 935 2670 1020 Gregorius

411 1069 634 1116 vocem
675 1051 970 1132 usurpat.

581 1187 832 1251 Eodem
871 1190 1007 1251 loco
1055 1186 1165 1273 (M.
1219 1192 1338 1253 167
1375 1188 1503 1276 D.).
1594 1186 1947 1270 „Dabimus
1992 1187 2190 1254 etiam
2234 1207 2528 1271 operam,
2595 1188 2674 1250 ut
2769 1158 2776 1169 κ

412 1320 636 1368 omnes
678 1297 904 1364 fideles
950 1300 1165 1366 sancti
1205 1299 1386 1366 Petri
1449 1301 1756 1367 adiuvent
1797 1322 1913 1366 vos
1968 1300 2038 1366 in
2094 1297 2470 1384 expellendo
2513 1297 2669 1381 lupo
2811 1291 2821 1301 ’

414 1417 482 1479 et
503 1412 864 1480 ordinando
908 1417 1194 1497 pastore,
1241 1414 1351 1498 qui
1391 1435 1497 1481 res
1520 1418 1775 1481 vestras
1809 1413 2134 1498 diripuit.“
2177 1411 2671 1490 Exordinando‚

411 1547 543 1593 non
588 1525 1030 1607 „·ordinando“
1075 1525 1427 1611 Gregorius
1471 1527 1751 1612 scripsit.
1833 1526 1925 1592 cf.
1965 1526 2071 1591 Du
2115 1524 2331 1609 Gange
2375 1546 2433 1588 v.
2480 1542 2669 1590 exor-

414 1640 659 1707 dinare.

436 1758 441 1765 ⁴
583 1777 657 1843 L.
700 1776 782 1842 H.
830 1798 928 1861 ep.
978 1781 1057 1842 57
1103 1777 1214 1864 (M.
1266 1781 1388 1843 170
1419 1775 1538 1863 G.).
1612 1776 1930 1859 „Dece‘ret
1971 1779 2193 1841 tamen
2236 1794 2351 1840 vos
2394 1775 2673 1837 matrem

414 1894 727 1971 vestram,
793 1889 1188 1955 Fesulanam
1230 1889 1529 1956 videlicet
1574 1890 1940 1970 ecclesiam,
1983 1909 2150 1972 quae
2184 1907 2316 1952 non
2358 1884 2670 1969 peccavit,

413 2004 762 2070 immunem
836 2000 1166 2068 custodire
1246 2008 1314 2067 et
1381 2002 1734 2069 vindictam
1797 2001 2132 2086 peccantis
2211 1997 2672 2064 detrimentum

416 2115 984 2200 confusionemque
1027 2116 1286 2181 minime
1333 2119 1743 2194 convertere3
1791 2112 2054 2179 deceret
2099 2112 2322 2190 etiam,
2367 2115 2460 2189 ut,
2507 2127 2671 2192 quos

417 2227 802 2294 miserabilis
842 2232 1198 2312 paupertas
1245 2231 1312 2293 et
1354 2227 1544 2292 ruina
1589 2227 1899 2294 ecclesiae
1922 2230 2177 2291 vestrae
2216 2219 2669 2305 compatiendo

420 2363 551 2407 non
594 2341 833 2424 tangit,
898 2341 1287 2406 verecundia
1331 2340 1575 2406 saeculi
1620 2345 1687 2404 et
1728 2338 2054 2404 infirmata
2099 2341 2166 2401 et
2212 2335 2471 2401 omnino
2518 2355 2671 2400 con-

416 2453 648 2519 temtui
689 2452 915 2518 habita
957 2454 1252 2537 quaestio
1276 2458 1495 2518 vestra
1541 2452 1867 2518 silentium
1908 2451 2239 2534 imponere
2276 2446 2670 2512 debuisset.“

416 2565 720 2631 Editores
764 2570 916 2649 post
949 2567 1358 2649 „peccantis“
1405 2566 1800 2632 addiderunt
1841 2568 1927 2645 in,
1976 2564 2092 2629 sed
2136 2561 2513 2627 adiiciamus
2557 2579 2670 2624 ne·

417 2699 597 2744 cesse
644 2684 747 2744 est
790 2682 858 2742 z'n
901 2682 1211 2751 ecclesiae.
1300 2679 1426 2745 Pro
1473 2677 1877 2759 „infirmata“
1912 2677 2242 2757 infamata
2261 2672 2437 2739 haud
2476 2670 2670 2738 dubie

417 2790 845 2857 scribendum.

586 2928 764 3012 L.11,
791 2950 889 3013 ep.
917 2932 997 2993 58
1033 2928 1144 3014 (Μ.
1176 2933 1290 2994 171
1319 2929 1444 3014 A.).
1517 2927 1970 3012 „Quapropter
1992 2924 2467 3009 suffraganeum
2487 2927 2672 2990 tuum

417 3041 907 3109 Noviomensem
932 3041 1305 3125 episcopum
1346 3062 1465 3125 per
1507 3044 1576 3105 te
1602 3039 2108 3107 conveniendum
2141 3059 2283 3105 esse
2307 3037 2671 3105 censuimus

418 3159 484 3220 et
529 3154 609 3220 de
653 3159 846 3220 tanta
885 3138 1334 3238 perversitate,
1380 3153 1437 3218 si
1477 3153 1572 3218 ita
1616 3174 1760 3219 esse
1805 3153 2200 3233 constiterit,
2247 3152 2531 3217 severius
2572 3151 2671 3216 in-

418 3267 816 3351 crepandum
859 3288 937 3333 ac
979 3265 1252 3332 subinde
1297 3265 1792 3346 admonendum,
1835 3267 2030 3331 immo
2067 3267 2263 3331 etiam
2286 3262 2669 3348 compellen-

419 3378 589 3459 dum,
631 3383 708 3445 ut
753 3401 1072 3446 canonum
1117 3384 1371 3446 statuta
1416 3378 1745 3464 sequendo
1791 3375 2128 3444 ecclesiam
2173 3376 2669 3456 Traiectensem,

417 3512 585 3577 quae
628 3497 817 3558 tanto
863 3496 1156 3576 tempore
1199 3491 1496 3575 possedit
1539 3512 1660 3557 sua
1700 3490 2152 3577 expoliatione,
2200 3491 2340 3556 sine
2360 3510 2545 3556 mora
2566 3510 2670 3556 re-

415 3604 746 3671 inducat.“
813 3605 980 3668 Ante
1020 3625 1208 3668 suam
1252 3600 1747 3686 eoepolz'atz'onem
1783 3604 2052 3671 coniicio
2077 3603 2162 3669 ad
2198 3624 2276 3670 ea
2296 3603 2669 3687 respiciens,

417 3739 585 3802 quae
627 3718 815 3785 initio
858 3718 1227 3783 litterarum
1272 3721 1580 3782 enarrata
1625 3721 1797 3783 sunt.

586 3865 660 3930 L.
705 3865 785 3930 Π.
834 3886 932 3949 ep.
983 3869 1062 3930 67
1113 3863 1224 3949 (Μ.
1276 3869 1395 3929 177
1435 3864 1559 3949 B.).
1653 3862 1824 3943 „Sed
1864 3867 1941 3928 ut
1988 3883 2082 3943 ea,
2128 3881 2297 3945 quae
2342 3859 2672 3928 dilectioni

422 3979 574 4042 tuae
631 3978 1052 4062 iniungimuS,
1134 3974 1653 4060 compendiosius
1720 3974 2169 4060 efficaciusque
2233 3975 2670 4059 prosequariS,

420 4111 565 4156 cum
608 4089 925 4156 fratribus
971 4093 1038 4155 et
1084 4090 1486 4174 coepiscopis
1546 4089 1677 4154 tuis
1745 4088 2085 4155 concilium
2127 4091 2195 4153 te
2242 4107 2473 4171 cogere
2519 4109 2669 4153 sua-

417 4201 665 4286 demus,
709 4204 778 4268 in
825 4222 972 4287 qun,
1020 4196 1216 4288 quam
1257 4202 1536 4268 maximo
1578 4202 1841 4285 poteris.
1874 4201 2255 4267 clericorum
2300 4204 2492 4265 coetu
2516 4221 2668 4267 con-

415 4320 718 4410 gregatO,
782 4316 961 4410 leges
1028 4315 1374 4389 canonicas
1440 4317 1510 4382 et
1553 4312 1729 4380 sedis
1773 4313 2170 4399 apostolicae
2208 4314 2669 4382 auctoritatem

2643 4549 2696 4618 ,Ο
