3178 5113
1332 441 1721 504 ..9-

396 614 733 697 imperium
797 613 865 677 in
927 612 1179 677 unitate
1244 609 1629 677 concordiae
1686 611 2179 701 coniungantur.
2266 610 2433 675 Nam
2477 611 2648 675 sicut

397 726 650 792 duobus
697 725 897 790 oculis
940 724 1287 789 humanum
1332 743 1566 807 corpus
1606 723 1947 807 temporali
1982 723 2221 788 lumine
2242 723 2507 806 regitur,
2549 722 2648 787 ita

396 839 497 905 his
543 837 796 929 duabus
840 836 1265 920 dignitatibus
1309 837 1376 900 in
1411 856 1578 918 pura
1597 836 1904 918 religione
1930 834 2478 901 concordantibus
2503 856 2643 899 cor·

396 971 522 1035 pus
576 950 883 1016 ecclesiae
930 948 1250 1032 spirituali
1293 948 1531 1013 lumine
1589 950 1728 1031 regi
1774 952 1840 1012 et
1882 948 2228 1014 illuminari
2266 946 2645 1030 probatur.“

401 1064 561 1127 Post
605 1063 745 1142 alia,
791 1082 958 1144 quae
1001 1062 1125 1126 hoc
1167 1062 1311 1125 loco
1356 1061 1831 1143 praetermitt0‚
1879 1064 2240 1127 orationem
2282 1061 2378 1124 ita
2439 1059 2645 1124 conti·

400 1180 587 1241 nuat:
675 1173 844 1254 „Sed
911 1175 1064 1257 quia
1120 1172 1527 1239 concordiam
1576 1174 1800 1254 istam,
1863 1173 2108 1238 scilicet
2168 1171 2518 1238 sacerdotii
2580 1174 2648 1235 et

396 1287 665 1370 imperii,
711 1286 868 1350 nihil
911 1286 1166 1365 fictum,
1211 1284 1369 1350 nihil
1411 1285 1535 1349 nisi
1577 1306 1811 1367 purum
1857 1284 2044 1349 decet
2086 1284 2344 1364 habere,
2389 1283 2647 1349 videtur

398 1399 586 1465 nobis
632 1399 891 1465 omnino
936 1398 1113 1479 utile,
1159 1403 1233 1461 ut
1253 1398 1434 1480 prius
1480 1384 1696 1463 tecum
1718 1401 1915 1480 atque
1939 1397 2189 1480 Agnete
2233 1397 2645 1480 imperatrice

281 1488 292 1497 ⁴
400 1516 468 1577 et
490 1533 635 1576 cum
659 1511 993 1576 comitissa
1014 1511 1310 1575 Beatrice
1335 1515 1401 1575 et
1422 1507 1738 1574 Rainaldo
1766 1510 2067 1592 episcopo
2095 1510 2382 1577 Cumano
2410 1513 2476 1574 et
2502 1530 2646 1575 cum

397 1625 541 1691 aliis
565 1624 772 1689 Deum
794 1621 1172 1688 timentibus
1219 1621 1299 1688 de
1335 1623 1435 1687 his
1460 1621 1829 1705 diligentius
1854 1626 2269 1688 tractemus.“
2333 1622 2439 1686 Ita
2459 1642 2644 1704 pror-

399 1759 510 1803 sus
543 1738 705 1819 haec
746 1738 813 1802 in
838 1735 1401 1802 codice‘Vaticano
1438 1734 1760 1818 leguntur,
1804 1756 2014 1818 neque
2039 1734 2390 1818 quidquam
2410 1738 2646 1800 notan-

401 1848 554 1914 dum
577 1854 694 1929 est,
739 1850 863 1914 nisi
903 1848 1077 1932 quod
1101 1849 1382 1932 scriptor
1425 1851 1640 1912 totam
1667 1848 2056 1917 sententiam
2084 1869 2130 1912 a
2150 1846 2394 1914 verbis:
2441 1845 2647 1927 „Nam

398 1963 606 2028 sicut“
661 1983 866 2046 usque
925 1961 1008 2027 ad
1076 1962 1464 2042 „illuminari
1517 1959 1898 2043 probatur,“
1967 1981 2160 2043 quam
2212 1960 2421 2056 primo
2489 1958 2645 2024 omi·
2726 1998 2731 2007 ›

397 2079 592 2155 serat,
639 2076 939 2158 apposito
966 2075 1147 2156 signo
1171 2073 1762 2157 praetermissionis
1805 2074 1872 2137 in
1907 2072 2275 2138 inferiorem
2295 2072 2651 2154 marginem

397 2186 640 2252 codicis
685 2186 926 2250 reiecit.
1014 2185 1441 2251 Amanuensis
1483 2205 1666 2266 vero,
1716 2187 1905 2251 cuius
1952 2206 2153 2270 opera
2192 2183 2448 2250 Caraffa
2490 2204 2647 2248 usus

400 2302 525 2383 est,
568 2298 880 2380 neglecto.
911 2298 1091 2381 signo
1135 2299 1203 2364 in
1223 2298 1582 2381 marginem
1608 2292 1939 2381 adscripta
1959 2302 2113 2381 post
2137 2297 2382 2379 „Deum
2415 2297 2644 2361 timen-

396 2409 613 2509 tibus“
657 2446 743 2457 --
785 2430 936 2475 nam
982 2411 1049 2473 in
1096 2431 1174 2475 ea
1216 2410 1414 2476 verba
1456 2411 1721 2476 ultimus
1754 2432 1979 2480 versus
2023 2409 2297 2493 paginae
2335 2411 2402 2475 in
2427 2408 2646 2474 codice

394 2521 633 2592 desinit
696 2561 783 2570 —
849 2522 1174 2589 collocans
1243 2544 1496 2591 omnem
1554 2545 1772 2590 rerum
1831 2526 1899 2589 et
1955 2523 2299 2591 verborum
2357 2520 2646 2587 ordinem

392 2636 584 2720 plane
628 2637 837 2702 solvit.

562 2748 789 2833 Neque
833 2750 1044 2814 minus
1089 2749 1339 2833 insigne
1376 2749 1552 2814 aliud
1597 2752 1960 2841 exemplum
2003 2750 2275 2816 videtur.
2373 2747 2643 2813 Litteris

395 2860 781 2942 quibusdam
845 2861 931 2925 ad
997 2862 1337 2945 episcopos
1384 2860 1631 2927 Galliae
1695 2863 1866 2928 datis
1936 2863 2033 2948 (L.
2079 2862 2158 2927 Π.
2206 2884 2304 2946 ep.
2352 2862 2416 2946 5)
2483 2860 2642 2926 Gre-

397 2971 615 3055 gorius
658 2973 1069 3054 gravissimas
1127 2975 1334 3039 iactat
1380 2975 1814 3057 querimonias
1881 2975 1960 3041 de
2015 2975 2323 3041 inauditis
2369 2973 2645 3057 Philippi

393 3085 565 3167 regis
590 3083 959 3150 sceleribus.
1036 3084 1207 3166 „Nec
1230 3088 1451 3167 satiS‚“
1494 3089 1722 3173 inquit,
1770 3089 2013 3168 „visum
2057 3091 2159 3152 est
2203 3088 2262 3152 ei
2304 3088 2370 3151 in
2396 3086 2642 3169 disper-

392 3196 572 3263 sione
614 3197 1049 3278 ecclesiarum,
1095 3199 1161 3278 in
1205 3200 1558 3281 adulterim,
1604 3202 1671 3265 in
1715 3201 1958 3283 rapinis
2004 3200 2508 3279 nefandissimiS‚
2576 3199 2642 3264 in

391 3309 688 3390 periuriis
713 3314 780 3374 et
813 3310 882 3374 in
902 3311 1283 3377 multimoda
1304 3312 1549 3392 fraude,
1595 3313 1767 3379 unde
1790 3335 1985 3397 saepe
2009 3335 2153 3378 eum
2174 3312 2641 3396 redarguimuS,

388 3421 557 3491 iram
598 3420 720 3485 Dei
761 3424 1105 3502 meruisse3
1173 3426 1327 3520 quin
1373 3427 1569 3490 etiam
1611 3425 2103 3505 mercatoribuS,
2150 3426 2261 3510 qui
2302 3426 2381 3490 de
2423 3426 2641 3494 multis

387 3537 716 3602 terrarum
757 3534 1053 3617 partibus
1099 3537 1185 3601 ad
1228 3536 1440 3603 forum
1485 3537 1813 3622 quoddam
1855 3539 1922 3602 in
1946 3538 2222 3615 Francia
2244 3559 2452 3621 nuper
2488 3560 2639 3605 con-

386 3652 719 3727 venerant,
766 3648 942 3731 quod
988 3649 1265 3740 antehae
1310 3672 1350 3714 a
1391 3672 1545 3734 rege
1589 3651 1835 3715 factum
1890 3650 2088 3715 fuisse
2132 3671 2252 3715 nec
2294 3651 2364 3715 in
2404 3650 2641 3717 fabulis

383 3758 682 3839 refertur,
725 3780 907 3824 more
950 3762 1301 3843 praedonis
1342 3762 1664 3828 infinitam
1700 3764 2040 3847 pecuniam
2085 3763 2356 3838 abstulit
2401 3767 2485 3843 et,
2531 3763 2642 3846 q'm'

383 3869 597 3953 legum
637 3876 703 3937 et
746 3873 1037 3938 iustitiae
1062 3873 1365 3939 defensor
1389 3895 1531 3940 esse
1557 3874 1801 3956 debuit,
1845 3877 1901 3940 is
1937 3877 2345 3960 potissimum
2369 3875 2642 3959 deprae-

387 3979 579 4046 dator
625 3985 857 4064 extitit,
904 3987 1205 4052 nimirum
1248 3986 1317 4050 id
1361 4007 1579 4069 agens,
1625 3992 1701 4053 ut
1743 3989 1923 4054 mala
1961 4009 2079 4054 sua
2127 4009 2260 4053 non
2300 3990 2430 4054 iam
2472 3988 2643 4056 infra

384 4095 698 4159 terminos
742 4099 942 4180 regni,
990 4098 1166 4181 quod
1210 4103 1507 4183 occupat,
1555 4100 2046 4180 concludantur,
2093 4101 2209 4166 sed
2251 4121 2378 4184 per⁴
2415 4099 2639 4172 orbem

377 4209 707 4272 terrarum
750 4208 835 4274 ad
881 4208 1273 4276 discordiam
1316 4212 1669 4277 multorum
1727 4213 2014 4296 gentium
2060 4217 2127 4278 et
2173 4233 2376 4293 suam,
2420 4213 2639 4294 cred0,

379 4318 821 4387 confusionem
861 4321 1365 4414 extendantur.“
1467 4323 1572 4389 Sic
1624 4325 1694 4391 in
1739 4324 1966 4392 codice
2005 4325 2323 4392 Vaticano
2343 4376 2358 4407 ,
2424 4344 2639 4412 neque.
