3178 5113
631 652 857 691 Editionis

625 722 880 760 Mansianae

683 791 826 830 loeus.

598 877 718 926 238.
757 878 824 924 A.

600 981 720 1030 240.
758 977 821 1028 Β.

493 1100 497 1103 “
600 1084 717 1133 240.
756 1082 819 1132 Β.

605 1234 731 1321 241.
757 1272 815 1323 Ε.

604 1461 718 1513 242.
755 1459 822 1509 A.

605 2012 722 2062 243.
764 2013 827 2063 B.

606 2202 726 2252 244.
764 2200 827 2253 B.

608 2306 725 2355 244.
763 2305 830 2356 D.

609 2407 725 2459 246.
762 2410 829 2460 D.

611 2600 732 2648 247.
774 2602 836 2646 Α.

612 2790 730 2838 247.
769 2790 834 2836 A.

526 2943 539 2962 ,Ι
615 2891 731 2941 247.
768 2890 838 2942 D.

613 2994 729 3044 247.
766 2992 830 3043 Ε.

613 3097 729 3147 249.
768 3099 829 3147 Ο.

615 3200 731 3250 249.
767 3199 833 3251 D.

617 3477 731 3527 250.
767 3476 833 3526 D.

617 3597 734 3672 251.
771 3597 834 3647 B.

620 3803 734 3853 251.
773 3801 829 3852 C.

620 3925 737 3974 251.
776 3924 840 3974 D.

624 4386 739 4437 252.
779 4388 844 4437 D.

1508 486 1935 547 „22ss

1345 705 1497 745 Lectio

1323 776 1532 826 vulgaris.

944 952 947 955 Ι
978 876 1230 931 exhibere
1266 884 1494 945 oportet.

975 981 1166 1034 scitote
1183 1022 1197 1050 ,
1234 981 1388 1048 quod.

977 1089 1166 1138 contra
1202 1100 1339 1155 eum,
1374 1085 1470 1140 sed
1503 1094 1704 1141 contra.
1734 1127 1739 1133 .

974 1270 1134 1326 finem
1168 1274 1368 1330 habeat
1404 1283 1458 1331 et
1484 1217 1733 1346 accipiat.

977 1463 1106 1516 nihil
1168 1463 1344 1518 adhuc
1402 1465 1616 1534 dignum
1682 1466 1870 1522 fecisse

1046 1551 1384 1618 cognovimus
1399 1569 1413 1619 ;
1441 1545 1758 1622 quamquam
1773 1570 1871 1609 nos

1046 1652 1313 1705 nunquam
1386 1655 1506 1694 eum
1574 1641 1630 1693 in
1699 1640 1874 1709 aliqua

1048 1739 1208 1778 causa
1252 1725 1368 1779 Deo
1414 1726 1727 1793 providente
1770 1728 1872 1781 hac

1049 1811 1327 1866 occasione
1364 1813 1749 1882 contravenire,
1796 1815 1872 1867 iu-

1049 1899 1247 1953 stitiam
1285 1899 1680 1954 circumvenire.

984 2002 1249 2057 Saxonem
1271 2002 1463 2070 ipsum.

980 2195 1237 2248 honorem
1272 2193 1584 2247 exhibuerit.

981 2298 1193 2365 paterni
1225 2297 1521 2351 ministrant
1554 2297 1718 2365 regni.

981 2403 1091 2472 lite,
1126 2416 1260 2469 quae
1295 2402 1435 2455 inter
1472 2400 1838 2468 Spalatanum.

982 2598 1213 2647 vestram
1255 2593 1436 2660 utique
1481 2593 1710 2646 omnium
1752 2590 1877 2646 fide-

1052 2680 1180 2733 lium
1215 2685 1454 2733 matrem.

986 2783 1192 2851 Deique
1228 2784 1598 2850 peccantibus.

986 2886 1244 2953 praebere
1278 2886 1454 2953 parati
1489 2901 1688 2940 sumus.

988 3005 1213 3057 quonam
1250 2990 1504 3045 instinctu
1539 3006 1709 3057 quove
1738 2996 1877 3062 actu·

987 3092 1053 3146 de
1091 3092 1323 3147 dissidio.

987 3195 1296 3251 fraternitas
1342 3197 1540 3265 literis,
1594 3197 1782 3264 quibus
1826 3197 1880 3251 id

1057 3283 1397 3350 singulariter
1430 3283 1687 3352 scriptum
1724 3289 1821 3337 est.

991 3473 1329 3541 deservimus,
1366 3479 1447 3528 est
1485 3473 1759 3540 quaedam.

995 3592 1318 3649 Gotefredus
1370 3601 1550 3648 autem
1596 3593 1882 3647 Carnoten-

1058 3697 1144 3735 sis.

994 3803 1086 3856 Sin
1119 3809 1297 3857 autem
1334 3803 1650 3857 certissime.
1680 3843 1686 3850 .

994 3924 1224 3978 Henrico
1259 3925 1496 3992 Spirensi
1531 3924 1801 3992 episcopo·

994 4359 1141 4458 prius
1178 4389 1633 4446 admonitionibus.

2329 707 2481 747 Lectio

2196 778 2362 817 codicis
2396 777 2617 818 Vaticani.

1957 879 2198 935 exhiberi
2231 885 2462 948 oportet.

1958 984 2148 1038 scitote
2168 1025 2182 1051 ,
2219 984 2483 1051 quoniam.

1956 1092 2143 1141 contra
2190 1102 2274 1155 se,
2328 1086 2425 1141 sed
2470 1095 2656 1143 contra
2700 1090 2847 1153 (Car.

2025 1175 2186 1224 omisit
2220 1177 2326 1237 se).

1955 1274 2114 1330 finem
2185 1276 2412 1345 accipiat
2479 1276 2626 1343 (Gar.
2696 1276 2850 1333 finem

2024 1361 2221 1417 habeat
2256 1364 2528 1432 accipiat).

1957 1466 2118 1520 nichil
2156 1465 2332 1521 adhuc
2369 1466 2512 1535 dign'i
2542 1466 2740 1538 fecisse
2768 1484 2851 1522 co-

2024 1552 2328 1622 gnovimus3
2392 1569 2708 1623 quamquam
2755 1570 2851 1609 nos

2025 1655 2292 1706 nunquam
2362 1656 2483 1694 eum
2551 1642 2606 1694 in
2676 1641 2853 1711 aliqua

2028 1741 2188 1779 causa
2233 1725 2353 1780 Deo
2403 1726 2717 1795 providente
2752 1728 2851 1782 hac

2028 1812 2309 1866 occasione
2360 1818 2548 1866 contra
2598 1814 2850 1868 iustitiam

2028 1914 2425 1954 circumvemre.

1960 2001 2298 2057 *Sanzonem
2323 2003 2495 2058 istum.
2517 2003 2627 2070 (ΟΥ.
2650 2003 2764 2058 Lib.
2806 2005 2851 2060 V.

2035 2104 2108 2155 ep.
2151 2090 2262 2153 14.)
2597 2152 2612 2157 ᾖ
2671 2113 2680 2124 ·

1961 2192 2218 2271 honorem
2233 2161 2595 2249 exhibuisset.

1962 2297 2173 2364 paterni
2207 2298 2476 2352 ministrat
2508 2278 2673 2368 regni.

1961 2400 2078 2468 lite,
2121 2416 2257 2469 quae
2294 2408 2377 2455 est
2421 2401 2560 2456 inter
2613 2402 2852 2472 Spaleta-

2032 2503 2172 2539 num.

1962 2593 2230 2646 *vestram
2284 2591 2467 2659 utique
2520 2594 2853 2663 omniumque

2031 2676 2260 2731 fidelium
2291 2684 2530 2733 matrem.

1965 2782 2170 2862 Deique
2206 2789 2290 2837 est
2324 2783 2683 2849 peccantibus.

1964 2886 2223 2953 praebere
2258 2887 2434 2953 parati
2449 2885 2680 2941 ’fuimus

1966 3005 2193 3057 quonam
2227 2990 2477 3045 instinctu
2513 3005 2616 3058 quo
2653 2997 2857 3046 actuve.

1965 3093 2031 3147 de
2067 3092 2308 3147 discidio.

1965 3196 2269 3251 fraternitas
2304 3198 2359 3249 in
2405 3196 2596 3251 litteris
2611 3238 2624 3265 ,
2672 3197 2859 3265 quibus

2033 3282 2165 3336 illud
2184 3283 2521 3352 singulariter
2537 3282 2859 3353 descriptum

2037 3376 2134 3424 est.

1969 3473 2310 3542 deservimus,
2346 3472 2623 3541 quaedam.

1969 3594 2261 3649 Gosfredus
2285 3601 2465 3649 autem
2499 3590 2852 3648 Carnotensis·

1901 3809 1906 3814 ’
1971 3801 2062 3856 Sin
2097 3807 2276 3855 autem
2311 3800 2679 3855 certissimum·

1971 3921 2022 3974 H
2060 3960 2070 3971 .
2111 3957 2123 3969 .
2156 3956 2169 3968 .
2203 3955 2215 3968 .
2290 3919 2528 3988 Spirensi
2589 3921 2870 3988 episcopo.

2042 4005 2304 4070 (Heinrico
2364 4008 2587 4073 episcopo
2647 4008 2749 4056 iam
2815 4021 2872 4053 a.

2046 4093 2173 4143 1075
2231 4101 2444 4155 mortuo,
2501 4094 2554 4142 in
2613 4094 2875 4144 ecclesiam

2042 4178 2316 4246 Spirensem
2376 4186 2680 4231 successerat
2734 4177 2878 4227 Huz-

2043 4267 2294 4330 mannus.)

1975 4386 2074 4460 piis
2110 4384 2568 4444 admonitionibus.
