3178 5113
406 628 631 667 Editionis

390 698 645 737 Mansianae

443 767 588 805 locus.

371 852 483 905 130.
518 850 583 900 B.

371 1300 485 1351 130.
523 1299 584 1351 C.

371 1402 478 1455 130.
514 1401 574 1452 Ε.

367 1506 481 1556 131.
520 1504 581 1557 0.

365 1609 479 1661 132.
518 1610 583 1660 A.

369 1971 481 2023 132.
517 1971 580 2022 Β.

370 2421 484 2470 134.
522 2419 583 2470 Β.

368 2524 482 2575 134.
522 2523 581 2575 C.

370 2628 483 2679 134.
524 2628 589 2677 D.

369 2732 484 2783 137.
521 2731 590 2782 D.

373 2918 489 2970 137.
527 2917 587 2967 Ε.

377 3021 490 3072 139.
531 3021 592 3072 C.

373 3213 489 3263 140.
528 3210 587 3261 C.

373 3402 496 3453 142.
527 3400 588 3450 Β.

372 3505 487 3557 143.
524 3506 592 3554 A.

375 3781 486 3835 143.
521 3782 584 3833 Ε.

383 3885 490 3933 146.
529 3884 596 3935 D.

378 4155 497 4210 146.
530 4157 591 4209 Ε.

376 4366 512 4443 148..
530 4367 596 4416 A.

1277 453 1705 514 ...17-

1114 675 1263 715 Lectio

1088 745 1297 794 vulgaris.

742 848 883 918 quod
918 855 1142 916 occupat
1185 845 1637 915 comprehendan-

808 942 924 1003 tur,
960 933 1058 989 sed
1091 932 1161 988 ad
1193 949 1356 989 suam.

740 1297 1063 1373 sententiam
1096 1295 1439 1365 accipienteS,
1477 1296 1580 1363 qui.

738 1398 884 1455 fideli
920 1400 1265 1454 correctione.

741 1503 899 1571 culpa
931 1503 1204 1571 depereat.

740 1607 1019 1663 Geboardo
1053 1606 1327 1675 Pragensi.

739 1969 1108 2024 fraudulenter
1126 1968 1522 2039 concludantur,
1539 1968 1636 2023 sed

811 2057 994 2110 orbem
1062 2064 1327 2109 terrarum
1394 2054 1463 2109 ad
1534 2055 1638 2110 dis-

812 2141 1047 2197 cordiam
1079 2141 1364 2195 multarum
1398 2142 1639 2210 gentium

813 2235 869 2283 et
909 2234 964 2282 te
1014 2226 1207 2282 fecisse
1259 2244 1399 2282 nunc
1445 2244 1639 2297 cogno·

811 2314 1006 2384 vimus,
1041 2329 1305 2369 asserem.

743 2419 788 2473 si
823 2433 958 2486 quae
994 2418 1112 2471 alia.

742 2520 1024 2578 solicitudo
1064 2519 1251 2577 deerit.

741 2642 838 2681 vos
873 2626 939 2680 de
975 2625 1129 2680 nobis
1162 2639 1405 2681 rumores
1439 2624 1637 2681 afferri.

743 2729 846 2784 Dei
880 2729 1269 2785 Halbistetensi
1304 2729 1575 2797 episcopo.

744 2920 1248 2987 repraesentabatur
1282 2884 1656 2973 auctoritatis:

747 3021 1113 3090 Egeneschen.

747 3210 973 3266 salutem
1009 3217 1113 3266 etc-

749 3400 1028 3454 discrimen
1063 3400 1363 3456 inferretur.
1381 3459 1386 3465 ,

749 3502 851 3557 Dei
887 3503 1067 3557 abbati
1100 3504 1454 3563 Bellilocensi.

746 3778 900 3832 nobis
936 3794 1146 3847 quoque
1182 3783 1501 3848 praeceptis.

745 3883 850 3936 iam
904 3899 1026 3936 eum
1078 3887 1423 3950 nostrumque
1479 3884 1645 3938 inimi-

817 3985 939 4023 cum
980 3976 1326 4037 nostrumque
1374 3985 1644 4040 oppugna·

815 4062 987 4109 torem
1023 4054 1348 4115 invenimus..

751 4154 990 4210 addenda
1024 4166 1206 4213 essent
1238 4157 1515 4214 adderent.

751 4259 1061 4327 quamplura
1095 4261 1255 4317 etiam
1288 4262 1408 4317 alia.

750 4363 1065 4421 benevolum
1101 4365 1558 4434 tractabilemque.

2096 672 2245 712 Lectio

1965 742 2133 781 codicis
2163 740 2382 783 Vaticani.

1722 844 1863 914 quod
1918 852 2169 914 occupat,
2217 845 2621 917 concludantur,

1790 930 1888 985 sed
1922 947 2022 999 per
2046 932 2230 985 orbem
2246 938 2509 985 terrarum
2548 932 2620 987 ad

1792 1016 2108 1071 discordiam
2152 1019 2437 1072 multarum
2491 1035 2617 1088 gen-

1788 1103 1920 1158 tium
1975 1112 2029 1158 et
2083 1119 2249 1158 suam.
2301 1103 2410 1173 (ΟΥ.
2468 1121 2622 1173 supra

1784 1208 1835 1257 p.
1877 1190 1926 1241 9.
1972 1186 2090 1256 lot,

1724 1293 2080 1348 *sententiam
2113 1294 2417 1366 accipiatiS,
2452 1296 2558 1366 qui.

1723 1395 1868 1450 fideli
1902 1398 2255 1464 correptione.

1724 1501 1883 1568 culpa
1917 1500 2230 1569 depereunt.

1724 1604 1802 1660 Ge
1825 1643 1985 1659 .....
2011 1621 2043 1659 o
2114 1605 2386 1673 Bragensi.
2471 1606 2620 1672 (Post

1789 1707 1907 1741 raso
1959 1693 2062 1742 loco
2098 1694 2384 1759 inscriptum
2429 1691 2616 1762 heard,

1788 1796 2073 1845 quamquam
2107 1779 2291 1846 procul
2330 1770 2477 1829 ¹dubio
2513 1779 2615 1835 Ge-

1787 1865 1984 1918 romiro
2021 1872 2167 1916 antea
2185 1868 2421 1933 scriptum
2458 1868 2613 1933 erat.)

1724 1960 2091 2022 fraudulenter
2132 1976 2185 2022 te
2235 1969 2429 2024 fecisse
2476 1985 2616 2025 nunc

1791 2055 2170 2124 cognoscimuS‚
2201 2071 2465 2112 asserens.
2505 2056 2615 2124 (Cf.

1794 2158 1949 2209 8upra
1974 2159 2030 2208 p.
2071 2143 2117 2192 9.
2158 2144 2272 2209 10.)

1726 2418 1772 2471 si
1807 2417 1896 2485 qui
1934 2417 2125 2486 aliqua.

1725 2520 2069 2577 *sollicitudo
2104 2536 2209 2575 non
2244 2520 2431 2577 deerit.

1726 2629 1753 2661 *
1768 2642 1863 2681 vos
1899 2642 2139 2680 rumores
2163 2623 2234 2680 de
2252 2625 2402 2679 nobis
2422 2623 2615 2682 afferri.

1726 2729 1827 2784 Dei
1875 2728 2184 2784 Burchardo
2238 2727 2618 2784 Halbistetensi

1794 2817 2066 2884 episcopo.

1722 2920 2231 2986 repraesentabatur
2264 2919 2569 2975 auctoritas.

1724 3023 2059 3092 Egeneshem
2135 3024 2198 3088 (i.
2270 3039 2310 3075 e.
2382 3022 2619 3091 Egenes·

1792 3108 1978 3176 heim).

1729 3214 1956 3268 salutem
1994 3221 2048 3267 et
2081 3212 2428 3282 apostolicam
2460 3211 2618 3267 bene-

1798 3299 2101 3354 dictionem.

1729 3402 2012 3456 discrimen
2048 3402 2318 3456 infertur.-

1729 3507 1832 3560 Dei
1901 3535 1965 3544 -
2038 3506 2217 3559 abbati
2270 3504 2623 3560 Bellilocensi.

1798 3592 2052 3660 (Spatium
2087 3594 2309 3644 relictum
2341 3602 2410 3643 est
2444 3593 2625 3641 nomini

1800 3679 2072 3755 addendo.)

1719 3771 1930 3835 ‘nostris
1968 3798 2176 3849 quoque
2200 3782 2522 3851 praeceptiS.
2556 3781 2623 3831 H.

1730 3884 1836 3938 iam
1855 3885 1968 3938 eius
2004 3895 2345 3953 nostrumque
2363 3886 2627 3939 inimicum

1801 3978 2146 4038 nostrumque
2205 3972 2627 4040 impugnatorem

1802 4073 2112 4111 mvemmus.

1733 4159 2025 4214 *addenda
2060 4159 2333 4216 adderent.

1733 4265 1763 4297 *
1780 4263 2092 4331 quamplura
2126 4263 2248 4318 alia.

1732 4366 2046 4422 benevolum
2081 4374 2136 4421 te
2174 4364 2625 4435 tractabilemque·

2220 4474 2250 4520 2

1788 4591 1823 4630 ο
