3178 5113
380 698 530 737 Editio
538 698 607 735 1119

367 768 621 806 Mansianao
645 773 649 777 ’

427 836 568 876 loeus.

350 923 462 972 173.
498 921 568 973 B.

349 1027 462 1079 173.
499 1024 569 1075 D.

349 1130 466 1179 175.
504 1128 564 1178 Β.

256 1233 265 1241 “
353 1234 464 1282 175.
504 1232 574 1281 D.

354 1422 468 1470 175.
503 1418 566 1470 E.
620 1436 631 1448 ·

354 1511 467 1574 179.
502 1525 570 1573 A.

356 1628 471 1677 176.
502 1626 569 1685 Β.

358 1731 474 1781 179.
512 1729 570 1780 c,

363 1920 480 1970 179.
517 1917 581 1968 1³2.

362 2024 476 2074 180.
515 2021 582 2073 D.

360 2129 478 2190 180.
512 2120 577 2176 Ε.

362 2232 477 2280 191.
516 2232 579 2280 A.

363 2505 477 2553 182.
515 2502 579 2552 Β.

366 2601 577 2660 1991).

365 2711 477 2765 186.
510 2711 573 2762 Ε.

368 2817 479 2868 197.
517 2819 582 2866 A.

374 2922 484 2968 199.
522 2917 589 2968 D.

373 3110 483 3159 199.
523 3108 586 3156 Ε.

368 3212 484 3262 199.
523 3211 581 3261 0.

369 3316 486 3365 190.
524 3315 582 3365 c.

373 3418 481 3468 191.
518 3416 575 3466 Β.

366 3522 482 3573 193.
520 3521 580 3570 Ε.
618 3492 625 3496 ’

365 3711 478 3759 194.
515 3714 582 3760 Α·.

366 3815 481 3863 19-1.
519 3812 577 3863 C.

368 3915 481 3967 194.
519 3918 586 3966 D.

371 4035 485 4085 194.
521 4037 589 4087 D.

371 4413 479 4465 195.
517 4414 585 4464 D.

1259 520 1690 583 ...19....

1090 726 1242 782 Lectio

1067 813 1279 862 vulgaris.
1361 853 1368 859 ,

719 917 773 972 id
810 933 970 985 agere
1005 915 1325 984 nequiveris.

720 1020 874 1074 fratri
910 1020 1251 1088 coepiscopo.

721 1140 828 1177 non
863 1122 1115 1177 debemus
1150 1138 1250 1177 nec
1283 1135 1583 1188 possumus.

721 1227 1067 1286 Helvestensi>
1098 1225 1519 1293 archiepiscopo.

724 1414 1028 1485 superfluas
1062 1413 1419 1470 iudicavimus.

726 1520 954 1573 maxime
993 1519 1082 1586 qui
1114 1517 1265 1584 alios.

729 1631 813 1678 est
846 1638 954 1676 non
991 1622 1346 1689 acquiescere.

727 1727 871 1780 nullo
888 1738 1123 1794 unquam
1142 1724 1429 1778 exactionis
1447 1722 1623 1776 modo.

734 1916 993 1970 consistat
1026 1921 1087 1969 ut
1124 1915 1333 1971 nullius.

735 2019 961 2074 dicenda
994 2020 1354 2087 relinquimus.

732 2123 1020 2178 humilibus
1055 2123 1316 2192 precibus.

737 2225 1190 2281 contracambium
1200 2225 1450 2279 tribuatis
1468 2253 1535 2261 —
1553 2224 1631 2277 tui

806 2312 1063 2389 condecet
1138 2312 1346 2380 generis
1411 2310 1630 2378 dignita-

805 2405 927 2452 tem.

694 2536 699 2541 ·
735 2503 1007 2572 propriam
1043 2501 1284 2556 attinere.

735 2605 997 2674 impartiri
1033 2607 1288 2679 cupimus.

737 2711 824 2765 vel
858 2725 1128 2778 nunquam
1161 2708 1296 2763 Deo.
1371 2754 1376 2761 .

740 2814 884 2867 visus
922 2820 1005 2866 est
1042 2829 1158 2865 eam
1192 2813 1468 2868 dilaniare.

738 2917 838 2970 His
875 2915 1181 2970 excessibus
1219 2916 1519 2984 diligenter.

742 3106 890 3160 cuius
924 3105 1122 3174 nomini
1159 3113 1212 3159 et
1249 3080 1562 3159 defensioni.

745 3210 836 3277 qui
869 3224 993 3263 suas
1029 3209 1271 3276 diligunt.

743 3328 809 3367 ac
843 3328 912 3366 ne
947 3311 1195 3380 quidquid
1230 3312 1470 3366 ulterius.

728 3417 876 3470 velle
914 3417 1029 3470 eius
1063 3416 1294 3470 utilitati.

741 3520 1104 3586 periculosum
1139 3519 1290 3573 nobis
1327 3527 1485 3573 esset.

742 3708 826 3761 vel
860 3709 907 3762 si
940 3710 1141 3764 malles.

741 3829 969 3866 mersum
1005 3812 1218 3865 videbis.

740 3932 848 3970 non
885 3916 1174 3973 existimes.

741 4036 860 4089 VII.
897 4034 1024 4091 Idus
1062 4034 1406 4104 Septembris.

738 4413 832 4468 VI.
865 4412 994 4469 Idus
1029 4412 1292 4474 Octobris.

2075 741 2226 781 Lectio
2307 766 2310 767 ν

1936 812 2103 850 codicis
2132 811 2353 852 Vaticani.

1701 913 1756 968 id
1790 913 1971 969 facere
2007 916 2329 995 nequiveris.

1702 1015 1854 1071 fratri
1890 1024 1945 1071 et
1979 1019 2319 1087 coepiscopo.

1704 1136 1804 1174 nec
1841 1120 2094 1176 debemus
2127 1138 2227 1177 nec
2261 1138 2561 1190 possumus.

1704 1223 2106 1279 Halvestetensi
2148 1226 2397 1295 episcopo
2444 1228 2509 1293 (i.
2557 1244 2597 1279 ο.

1772 1309 2243 1378 Halverstatensi).

1705 1412 2035 1481 superfluum
2067 1413 2425 1471 iudicavimus.

1709 1517 1934 1572 maxime
1970 1519 2061 1586 qui
2096 1526 2152 1574 et
2184 1519 2331 1574 alios,

1712 1629 1796 1675 est
1828 1621 1967 1677 nolle
2004 1623 2358 1690 acquiescere.

1710 1724 1856 1779 nullo
1891 1742 2122 1793 unquam
2166 1692 2476 1797 vexationis
2497 1746 2605 1784 mo·

1781 1810 1866 1866 do.

1715 1915 1974 1971 consistat
2009 1923 2064 1970 et
2096 1918 2315 1973 nulliuse
2408 1944 2411 1947 ·

1629 2048 1633 2054 ·
1715 2017 1940 2073 dicenda
1972 2020 2298 2099 reliquimus.

1714 2122 2018 2178 humillimis
2052 2100 2320 2192 precibus.

1715 2225 2076 2280 concambium
2117 2227 2364 2282 tribuatis
2412 2257 2476 2266 -
2529 2231 2609 2284 tui

1788 2311 2078 2367 condeceat
2132 2315 2359 2382 generis·
2388 2314 2609 2384 dignita-

1783 2404 1907 2453 tem.

1639 2550 1646 2558 .
1716 2503 1935 2571 proprie
1971 2503 2220 2559 attinere.

1718 2606 1977 2675 impertiri
2009 2608 2266 2676 cupimus.

1720 2710 1803 2764 vel
1837 2727 2066 2778 unquam
2102 2711 2238 2764 Deo.

1721 2815 1868 2868 nisus
1904 2822 1989 2869 est
2025 2830 2143 2868 eam
2176 2814 2447 2877 dilaniare.

1707 2917 1825 2994 ¹Hic
1862 2919 2166 2972 excessibus
2211 2919 2348 2972 enim
2396 2918 2611 2988 diligen.-

1792 3011 1891 3057 ter.

1723 3107 1873 3160 cuius
1910 3115 1964 3160 et
1996 3106 2193 3172 nomini
2229 3114 2283 3162 et
2301 3106 2611 3161 defensioni.

1722 3210 1812 3277 qui
1847 3226 1971 3264 vere
2006 3225 2129 3264 suas
2163 3210 2403 3278 diligunt.

1724 3330 1787 3368 ac
1821 3330 1889 3367 ne
1928 3313 2052 3381 quid
2086 3314 2325 3367 ulterius.
2366 3313 2433 3365 H.

1722 3417 1805 3471 vel
1846 3417 1957 3471 eius
1992 3416 2225 3471 utilitati.

1722 3520 2079 3589 periculosum
2112 3520 2265 3574 nobis
2300 3536 2418 3574 esse
2468 3521 2517 3584 (t
2536 3537 2612 3571 re-

1793 3609 2007 3659 centiore
2038 3623 2184 3657 mama
2220 3606 2460 3658 adiectum
2485 3609 2611 3669 cst).

1725 3690 1807 3763 vel
1843 3712 1888 3764 si
1921 3710 2089 3763 malis.

1723 3829 1952 3867 mersum
1987 3814 2200 3867 videris.

1724 3931 1791 3969 ne
1828 3910 2112 3970 existimes.
2157 3955 2160 3959 ⁴

1724 4036 1843 4090 VII.
1866 4036 1995 4090 Idus
2014 4036 2343 4090 Decembris.
2381 4034 2616 4104 (Car-offa

1788 4126 1932 4190 quasi
1967 4139 2102 4172 suam
2138 4123 2463 4173 coniecturam
2485 4139 2613 4171 mar·
2673 4184 2676 4189 Ι

1789 4209 1897 4274 9ίηί
1932 4209 2201 4278 adscripsit
2254 4210 2500 4259 lectionem
2536 4225 2612 4257 co·

1792 4295 1965 4357 dicis.)

1613 4457 1616 4458 ⁷
1720 4414 1810 4496 VI.
1847 4414 1975 4472 Idus
2008 4415 2339 4471 Decembris.

2212 4520 2292 4568 2*
