3178 5113
1441 398 1869 504 ...40-

524 609 851 677 brioribus
893 609 1303 694 patriarchas
1338 610 1440 676 vel
1480 611 1796 694 primates
1830 610 1982 697 (qui
2023 631 2221 678 unam
2240 610 2516 678 formam
2536 616 2780 694 tenent,

523 724 678 790 licet
721 722 979 790 diversa
1023 724 1155 789 sint
1196 724 1485 807 nomina)
1530 723 1709 808 leges
1742 722 1994 790 divinae
2018 728 2087 790 et
2109 724 2588 815 ecclesiasticae
2628 727 2782 810 poni

526 841 594 903 et
635 857 779 903 esse
821 838 1173 916 iusserunt,
1212 834 1299 901 ad
1341 856 1506 919 quos
1552 836 1858 920 episcopi,
1907 837 1963 902 si
1996 857 2266 903 necesse
2299 837 2514 919 fuerit,
2561 837 2780 905 confu-

525 954 795 1035 gerent“
839 953 962 1016 etc.
1051 947 1263 1015 Locus
1330 947 1518 1013 valde
1577 948 1889 1017 notabilis
1941 950 2176 1016 mirum
2217 951 2287 1015 in
2329 950 2592 1017 modum
2634 971 2780 1034 per-

524 1062 831 1128 turbatus
878 1066 1007 1141 est,
1076 1084 1222 1128 cum
1287 1060 1575 1127 editores
1618 1061 1821 1127 verba
1885 1083 2017 1128 non
2060 1062 2397 1129 intellecta
2437 1084 2781 1148 perperam

526 1175 1020 1259 distinguerent.
1101 1174 1248 1241 Una
1288 1174 1524 1241 littera,
1554 1178 1812 1240 mutata
1855 1175 2072 1241 omnia
2117 1176 2358 1259 optime
2403 1197 2474 1242 se
2518 1176 2780 1255 habent.

524 1288 652 1354 Pro
697 1288 926 1371 „leges
959 1284 1251 1353 divinae“
1298 1286 1711 1352 scribendum
1755 1291 1857 1353 est
1899 1290 2056 1370 leyz‘s
2099 1290 2375 1354 divinae.
2463 1287 2780 1357 Primates

522 1401 684 1485 legis
731 1400 983 1467 divinae
1026 1399 1380 1483 Gregorius
1426 1401 1701 1483 opponit
1742 1399 2129 1484 primatibus
2194 1401 2355 1486 legis
2400 1400 2670 1482 saeculi,
2717 1407 2783 1469 et

522 1515 701 1598 ipsos
738 1514 1073 1597 apostolos
1120 1534 1266 1579 cum
1290 1511 1619 1579 Clemente
1663 1513 1863 1579 fuisse
1909 1514 2263 1595 contendit,
2308 1515 2420 1598 qui
2443 1514 2595 1581 olim
2635 1515 2780 1581 illos

521 1627 833 1709 primates
876 1626 1037 1710 legis
1082 1624 1336 1690 divinae
1378 1625 1637 1691 institui
1674 1624 1995 1693 iuberent.

694 1763 776 1829 L.
803 1763 940 1829 VII.
984 1785 1082 1848 ep.
1130 1767 1168 1830 2
1218 1764 1328 1849 (Μ.
1376 1768 1500 1829 289
1540 1764 1671 1850 Ι).).
1760 1764 1931 1845 „Eos
1978 1763 2062 1829 ab
2107 1763 2443 1831 ordinibus
2490 1769 2559 1832 et
2590 1785 2780 1850 prae-

522 1876 753 1943 bendis
821 1876 1132 1943 ecclesiae
1198 1878 1410 1944 sancti
1450 1876 1718 1943 Martini
1750 1878 1842 1944 ¹in
1905 1882 2291 1962 perpetuum
2333 1876 2782 1947 submovemus

523 1995 591 2057 et
632 1990 1053 2070 decernimuS,
1096 1991 1193 2055 ita
1214 1993 1289 2054 ut
1311 1990 1555 2056 nullum
1578 1989 1884 2074 deinceps
1926 1992 2099 2056 inter
2122 1992 2468 2057 canonicos
2493 1991 2783 2059 eiusdem

522 2104 833 2170 ecclesiae
876 2103 1090 2169 locum
1132 2107 1461 2169 teneant.“
1518 2102 1647 2170 Pro
1693 2103 2178 2185 ‚,decernimus“
2217 2108 2602 2199 secernimus
2625 2106 2781 2171 scri-

521 2215 805 2283 bendum
852 2219 971 2281 est.

691 2354 763 2419 L.
801 2353 938 2419 VII.
987 2375 1085 2437 ep.
1135 2358 1171 2418 6
1221 2354 1331 2441 (M.
1380 2358 1502 2419 292
1549 2355 1675 2438 E.).
1778 2355 1917 2436 „Ex
1959 2375 2141 2421 more
2187 2359 2567 2421 sanctorum
2605 2356 2780 2422 misi-

521 2489 664 2534 mus
708 2467 890 2533 vobis
936 2466 1313 2533 claviculam
1356 2472 1683 2532 auream.“
1772 2466 2124 2552 Gregorius
2167 2467 2448 2533 fortasse
2488 2468 2777 2553 scripsit:

521 2603 643 2663 „ex
684 2602 866 2648 more
904 2585 1279 2647 sanctorum
1316 2561 1877 2662 praedecessorum
1922 2587 2330 2646 ηοετίνονωνιιι
2377 2586 2497 2648 etc.

693 2720 766 2786 L.
811 2720 946 2785 VH.
996 2740 1095 2803 ep.
1150 2725 1228 2785 10
1276 2719 1387 2806 (M.
1413 2724 1537 2786 295
1564 2719 1683 2806 C.).
1775 2720 1912 2801 „De
1957 2721 2402 2804 poenitentiae
2446 2721 2769 2808 consulta·

389 2833 394 2838 ’
521 2835 699 2899 tione
745 2833 1117 2917 diligentius
1159 2837 1667 2916 pertractetur.“
1754 2832 1981 2899 Lectio
2026 2838 2129 2899 est
2153 2832 2408 2899 Codicis
2452 2832 2771 2914 Vaticani,

522 2945 640 3013 sed
680 2947 787 3011 vix
829 2946 985 3012 ferri
1026 2949 1269 3029 potest.
1331 2945 1566 3013 Nescio
1612 2966 1698 3012 an
1737 2945 2192 3031 corrigendum
2235 2947 2350 3024 sit:
2400 2947 2775 3031 „poeniten-

521 3060 654 3125 tiae
700 3060 1211 3124 consuetudine&

693 3189 767 3255 L.
811 3189 949 3256 VII.
997 3211 1095 3273 ep.
1146 3195 1219 3256 11
1272 3189 1385 3276 (M.
1428 3193 1553 3255 296
1601 3188 1726 3275 Α.).
1815 3188 2064 3270 „Huius
2128 3188 2305 3254 modi
2363 3187 2779 3255 salutationis

527 3308 801 3370 nostrae
874 3303 1443 3384 consuetudinem,
1507 3303 1756 3369 scilicet
1821 3302 2222 3386 apostolicae
2286 3300 2780 3381 benedictionis,

523 3439 667 3484 eam
709 3416 830 3482 tibi
872 3418 1208 3483 mittentes
1251 3437 1385 3483 non
1429 3417 1565 3492 sine
1608 3416 2041 3481 haesitatione
2076 3414 2272 3480 modo
2319 3415 2780 3481 servavimus.“

521 3530 763 3611 „Eam“
808 3551 850 3595 a
895 3530 1209 3615 Gregorio
1257 3529 1571 3612 scriptum
1614 3527 1832 3609 fuisse,
1878 3527 1985 3593 vix
2023 3528 2182 3594 mihi
2213 3511 2610 3612 persuadeo,
2641 3546 2781 3594 ma·

520 3643 663 3709 lim:
710 3645 1048 3724 epistolam
1068 3642 1193 3707 »vel
1236 3644 1502 3705 litterae.

695 3771 945 3836 Eodem
991 3775 1127 3836 loco
1174 3771 1285 3857 (M.
1314 3775 1435 3837 296
1455 3771 1582 3855 B.).
1672 3768 2091 3855 „Quicunque
2136 3769 2309 3835 enim
2351 3768 2529 3835 bona
2574 3770 2785 3837 eccle-

523 3887 766 3952 siarum
807 3883 1158 3963 invadunt,
1201 3882 1272 3949 id
1315 3888 1418 3949 est
1463 3884 1604 3949 sine
1650 3887 1832 3949 certa
1870 3883 2137 3948 licentia
2180 3882 2633 3965 episcoporum
2680 3883 2789 3950 vel

522 3997 837 4063 abbatum
902 3996 1218 4080 diripiunt
1279 3996 1381 4062 vel
1446 3995 1530 4063 ab
1597 3995 1817 4092 aliqua
1873 4016 2157 4080 persona
2222 3995 2603 4079 accipiunt,
2646 4017 2789 4063 non

523 4111 733 4178 solum
776 4109 861 4177 ab
907 4110 1268 4194 apostolica
1312 4108 1468 4175 sede
1511 4109 1636 4176 hoc
1679 4112 1994 4193 tempore,
2038 4129 2262 4174 verum
2303 4107 2500 4174 etiam
2540 4129 2582 4173 a
2615 4108 2788 4174 mul-

522 4225 610 4290 tis
655 4223 899 4290 sanctis
938 4223 1268 4306 patribus,
1337 4223 1508 4289 sicut
1547 4222 1618 4287 in
1662 4221 2001 4305 scripturis
2048 4241 2272 4288 eorum
2314 4222 2791 4305 repperimus.“

523 4337 718 4410 Plura
761 4336 1098 4423 excidisse,
1142 4334 1553 4403 manifestum
1599 4337 1722 4401 est.
1776 4333 1853 4400 In
1894 4333 2068 4401 hunc
2109 4333 2248 4401 fere
2289 4331 2553 4401 modum
2593 4333 2793 4402 locus
