3178 5113
1343 493 1775 555 -29-

480 664 708 706 Editionis
975 698 978 701 ,

460 734 720 773 Mansianao
1190 717 1341 757 Lectio
1722 758 1725 761 ,
2169 702 2319 743 Leotio

528 804 668 844 locus.
1165 787 1375 837 vulgari&
1894 772 1898 776 “
2041 772 2211 812 codicis
2238 769 2455 809 Vaticani.

437 892 556 941 510.
597 891 659 941 C.
815 892 1073 960 imponat,
1107 889 1452 944 interdictum
1798 877 2039 944 imponat
2075 873 2160 927 vel
2194 872 2556 929 interdictum·

445 993 564 1045 523.
606 992 666 1042 C.
818 995 1129 1064 sempiterni
1163 994 1436 1062 principis,
1802 977 2114 1048 sempiterni
2147 975 2408 1044 principii.

444 1097 563 1147 523.
603 1098 662 1147 C.
817 1100 1145 1154 diversarum
1180 1097 1456 1166 regionum
1503 1101 1557 1149 et
1592 1109 1715 1162 pro·
1803 1086 2134 1140 diversarum
2168 1079 2576 1150 provinciarum.

885 1202 1194 1239 vmciarum.

442 1285 557 1336 525.
594 1286 658 1334 Ε.
779 1260 786 1269 ’
818 1288 989 1343 fidelis
1026 1305 1118 1342 ero
1153 1289 1313 1342 beato
1349 1288 1528 1340 Petro,
1798 1275 1969 1330 fidelis
2007 1288 2098 1327 ero
2135 1278 2190 1325 et
2216 1268 2502 1325 oboediens
2521 1267 2696 1320 beato.

444 1391 557 1438 525.
598 1391 660 1442 E.
819 1410 922 1447 non
960 1408 1088 1461 ergo
1125 1393 1196 1445 in.
1800 1381 1963 1434 *Non
1999 1393 2089 1432 ero
2124 1377 2196 1429 in.
2238 1375 2300 1425 H.

448 1492 561 1545 5⁶26.
599 1493 665 1545 A.
820 1497 887 1550 ad
920 1496 1271 1551 retinendum.
1802 1484 1870 1538 ad
1904 1481 2207 1538 tenendum.

445 1596 560 1646 533.
600 1595 658 1646 O.
820 1602 1081 1656 iustitiam
1115 1599 1367 1669 portavit.
1801 1586 2098 1641 *iustitiam
2131 1581 2440 1653 portaverit.

442 1700 560 1750 534.
599 1698 661 1749 B.
820 1701 981 1758 aulici
1018 1711 1072 1758 et
1106 1704 1369 1771 vulgares.
1805 1691 1965 1745 aulici
2011 1690 2170 1743 etiam
2207 1694 2262 1741 et
2295 1686 2558 1753 vulgares.

445 1802 560 1855 536·
598 1805 665 1852 A·
820 1823 926 1861 non
962 1790 1208 1875 fortuito,
1256 1805 1353 1859 sed
1400 1808 1578 1857 vestra
1626 1817 1718 1870 po·
1805 1799 1954 1849 *non
1987 1792 2231 1861 fortuitu,
2266 1789 2362 1844 sed
2395 1794 2576 1841 vestra
2610 1800 2702 1853 po-

892 1901 1092 1958 testate
1120 1893 1293 1948 cadet.
1332 1889 1716 1945 Confundatur.
1874 1886 2073 1936 testate
2110 1879 2291 1942 cadet,
2329 1872 2700 1957 confundetur.

446 1993 563 2040 577.
600 1991 659 2043 Β.
819 1997 1159 2067 pontificatus
1253 2011 1379 2051 vero
1474 1992 1721 2061 Gregorii
1804 1983 2186 2054 *pontificatus
2222 1968 2348 2035 vero
2377 1979 2554 2034 domni
2574 1976 2703 2031 Gre-

890 2084 1103 2152 septimi
1126 2099 1264 2137 anno
1287 2079 1720 2136 octavonondum
1874 2072 2011 2140 gorii
2068 2068 2280 2137 septimi
2335 2081 2509 2134 papae
2563 2078 2701 2118 anno

893 2178 1102 2239 exacto,
1135 2168 1493 2236 praesidente.
1876 2165 2081 2225 octavu,
2114 2153 2473 2224 praesidente.

450 2277 567 2327 577.
605 2275 669 2327 Β.
826 2273 1113 2327 Henricum
1148 2288 1355 2341 quoque
1394 2271 1591 2326 dictum
1637 2285 1720 2322 re·
1808 2252 2153 2316 ''Heinricum
2187 2273 2396 2326 quoque
2433 2263 2503 2311 et.

898 2376 1018 2428 gem
1054 2366 1124 2413 et.

449 2467 564 2517 587.
603 2468 663 2517 Ε.
824 2464 1130 2532 persecutio
1167 2463 1458 2532 impedivit.
1806 2453 2108 2521 persecutio
2144 2448 2492 2518 praepedivit.

451 2572 564 2621 587·
602 2573 664 2624 Ε.
823 2570 1036 2639 porticu
1069 2583 1250 2622 muros
1287 2567 1561 2635 surripuit.
1807 2559 2046 2628 porticus
2081 2570 2263 2610 muros
2297 2551 2569 2621 surripuit.

454 2677 563 2727 588.
603 2676 667 2728 D.
825 2673 1051 2727 Henrici
1084 2673 1141 2726 in
1174 2673 1359 2726 urbem
1396 2671 1609 2725 vellent.
1808 2663 2047 2717 Heinrici
2080 2660 2267 2714 urbem
2301 2658 2513 2712 vellent.

449 2780 564 2828 588.
602 2779 671 2829 D.
825 2786 987 2846 prout
1023 2778 1215 2845 cuique
1250 2775 1464 2829 licebat.
1807 2773 1969 2835 prout
2002 2764 2191 2832 cuique
2226 2762 2439 2839 libebat.

454 2882 569 2931 588.
609 2884 669 2932 Ε.
829 2881 1239 2949 praestrinxisse
1275 2876 1521 2934 sufficiat.
1807 2869 2184 2956 perstrinxisse
2219 2864 2464 2922 sufficiat.
2506 2911 2523 2926 ,.

1500 3262 1645 3349 IV.

625 3476 722 3545 En
766 3479 1277 3564 quadringentae
1331 3479 1466 3542 fere
1527 3470 2042 3548 emendationes,
2100 3487 2262 3550 quas
2318 3463 2458 3547 ipse
2504 3459 2710 3528 codex

455 3593 808 3658 Vaticanus
857 3594 1249 3677 suppeditat.
1324 3592 1564 3655 Verum
1611 3586 1779 3651 enim
1823 3603 1976 3647 vero
2020 3582 2086 3645 in
2129 3577 2575 3661 gravissimum
2609 3596 2708 3640 er-

453 3726 668 3770 rorem
712 3706 1158 3784 induceretur,
1205 3705 1315 3787 qui
1360 3702 1482 3767 sibi
1525 3696 1981 3783 persuaderet,
2027 3695 2093 3757 in
2140 3689 2542 3755 emendando
2587 3687 2711 3753 Re-

457 3820 660 3899 gistro
698 3819 765 3883 id
812 3820 1020 3884 solum
1065 3817 1385 3900 agendum
1429 3834 1592 3893 esse,
1638 3815 1713 3875 ut
1758 3829 1951 3892 quam
1993 3802 2479 3871 accuratissime
2536 3799 2714 3864 velut
2797 3829 2813 3842 κ

458 3931 541 3994 ad
582 3932 868 3995 litteram
913 3932 1050 4013 ipse
1097 3928 1303 3993 codex
1343 3925 1840 3991 describeretur.
1911 3921 2093 3984 Licet
2130 3917 2299 3982 enim
2321 3914 2714 3995 antiquitate

459 4043 730 4108 excellat
766 4049 833 4109 et
867 4044 1008 4108 aliis
1054 4063 1310 4125 quoque
1355 4037 1722 4105 nominibus
1766 4034 1946 4099 libris
1971 4031 2181 4096 adhuc
2206 4026 2478 4111 cognitis
2521 4025 2714 4107 longe

452 4162 780 4242 praestet,
846 4162 1068 4220 tamen
1144 4155 1401 4219 minime
1447 4151 1529 4215 ab
1576 4147 1872 4215 omnibus
1916 4129 2214 4230 partibus
2259 4160 2377 4224 pro
2422 4136 2712 4220 perfecto

455 4274 522 4332 et
566 4269 870 4334 absoluto
916 4266 1257 4332 habendus
1304 4270 1423 4331 est.
1495 4263 1570 4327 Id
1617 4263 1785 4327 enim
1828 4262 1958 4324 iam
2005 4258 2153 4322 olim
2196 4256 2264 4319 in
2299 4252 2515 4335 priore
2538 4270 2712 4314 com-

453 4382 858 4450 mentatione
881 4400 1049 4445 mea
1099 4381 1167 4444 in
1225 4378 1492 4454 dubium
1534 4374 1880 4454 vocabam,
1939 4391 2093 4439 num
2156 4347 2482 4448 integrum
2522 4360 2712 4447 Regi-2
