3178 5113
413 2568 417 2572 ⁴
503 2544 623 2595 317.

544 625 771 664 Editionis

530 694 785 733 Mansianae

583 764 725 803 locus.

500 1125 620 1175 309.
657 1124 720 1179 Β.

501 1228 618 1278 311.
656 1229 723 1278 A.

500 1333 618 1382 311.
655 1312 718 1380 Β.

502 1436 621 1486 312.
659 1435 726 1484 A.

505 1626 621 1678 312.
657 1624 724 1674 D.

503 1816 621 1865 312.

504 1918 619 1971 313.

504 2023 621 2072 314.

504 2110 622 2160 316.

503 2230 621 2284 316.

503 2336 623 2396 313.

507 2412 625 2490 317.

658 1815 727 2714 3931433993

504 2666 622 2715 318.

741 2040 766 2168 *W

505 2872 623 2921 318.
659 2872 726 2923 D.
761 2829 764 2834 ⁴

505 2974 624 3025 320.
659 2976 723 3024 Ε.

508 3079 626 3129 320.
663 3080 727 3128 Ε.

507 3181 624 3231 321.
663 3182 725 3232 C.

510 3285 628 3335 321.
667 3285 731 3337 0.

508 3406 627 3458 322.
666 3408 725 3460 C.

508 3702 628 3753 323.
665 3704 732 3755 Β.

508 3807 625 3858 323.
665 3806 721 3861 C.

507 3927 625 3979 324.
662 3928 728 3983 Ι).

509 4136 628 4188 325.
663 4140 728 4191 A.

507 4241 626 4292 328.
661 4245 727 4292 A.

508 4346 627 4400 328.
662 4346 724 4402 Β.

1416 455 1843 516 ..1261-

1247 676 1397 716 Lectio

1220 747 1427 795 vulgaris.

876 1126 921 1180 si
956 1130 1013 1179 te
1049 1124 1238 1194 diligis.

876 1245 1162 1284 conversus
1199 1228 1379 1283 fuerit.

877 1334 1208 1402 Frigentium
1245 1334 1627 1403 subiungimus.

879 1445 1068 1493 contra
1099 1455 1303 1494 morem
1337 1445 1555 1494 sanctae
1605 1440 1772 1495 eccle-

946 1525 1056 1580 siae
1093 1532 1320 1580 vestrae.

878 1635 1038 1697 atque
1091 1630 1311 1684 actionis
1371 1645 1557 1685 norma
1607 1630 1775 1686 consi·

946 1716 1051 1770 stit.
1129 1716 1394 1785 Quisquis.

879 1815 1161 1873 crucifixus
1199 1826 1300 1874 est.

880 1924 1032 1991 quasi
1068 1922 1293 1979 districti
1331 1910 1607 1980 3113311313.

880 2079 1113 2149 Ciprani.

878 2236 1020 2289 bona
1051 2242 1145 2291 tua
1178 2236 1470 2306 fragantia.

879 2340 1211 2409 posteritatis
1248 2339 1362 2395 eius
1397 2340 1650 2408 abripuit.

879 2443 936 2498 id
970 2443 1152 2498 faciet.

880 2548 1092 2603 omnino
1130 2553 1254 2603 sunt
1287 2547 1639 2623 necessariae.

879 2668 1125 2723 videlicet
1178 2667 1230 2721 H
1258 2707 1270 2719 .
1299 2707 1311 2719 .
1337 2707 1381 2721 ..
1438 2670 1528 2737 qui
1584 2676 1773 2725 vertex

948 2770 1147 2825 regem,
1173 2754 1263 2823 qui
1286 2763 1473 2811 vertex
1492 2762 1773 2813 31333101.

880 2875 1126 2930 maluerit
1157 2876 1464 2943 impetrare.

882 2994 1003 3034 esse
1037 2965 1393 3034 uberantiora.

882 3082 1215 3137 sanctissima
1249 3098 1431 3138 eorum
1465 3099 1705 3153 corpora.

881 3186 995 3240 3133
1030 3202 1192 3241 33333
1225 3186 1302 3258 fit,
1338 3189 1496 3244 sicut.

881 3291 1187 3361 tyrannicae
1220 3292 1603 3359 percussionis.

883 3411 930 3466 si
992 3411 1073 3465 tui
1130 3413 1438 3468 memoriam
1500 3414 1556 3468 in
1621 3415 1775 3470 301113

948 3504 1074 3553 ante
1108 3498 1391 3553 Dominum
1423 3500 1620 3569 iugiter
1654 3517 1775 3557 esse

951 3583 1241 3640 desideras-

882 3705 1115 3775 glorioso
1154 3704 1422 3761 Sueonum
1458 3707 1589 3776 regi.

881 3811 1111 3880 aliquem
1136 3811 1461 3879 episcopum.

880 3932 1094 3988 beatum
1175 3932 1396 3987 Petrum
1473 3933 1774 4001 apostolum

950 4018 1194 4088 diligunt.

881 4145 1166 4210 postquam
1199 4138 1519 4194 huiusmodi.

881 4245 1051 4313 Quam
1083 4244 1265 4312 itaque
1299 4242 1597 4313 diligenter.

877 4348 1018 4407 sicut
1048 4362 1144 4403 vos
1175 4346 1298 4420 ipsi.

2228 676 2376 715 Lectio

2082 746 2250 785 codicis
2277 745 2492 784 Vaticani.

1925 850 2054 901 lica·
2104 865 2211 899 cum
2262 865 2378 901 voce
2426 849 2755 917 praecedente

1926 936 2309 1002 coniunqendum
2346 946 2434 1000 est,
2465 937 2747 1005 ,diqnitas‘1

1928 1039 2033 1073 cum
2071 1024 2323 1089 „reyia“.)

1857 1132 1916 1180 ut
1950 1131 2006 1180 te
2042 1124 2237 1195 diligis.

1856 1244 2143 1284 conversus
2178 1235 2279 1284 est.

1859 1333 2171 1402 Frigentum
2209 1333 2588 1402 subiungimus.

1857 1445 2044 1494 contra
2076 1453 2277 1492 morem
2321 1444 2538 1492 sanctae
2583 1437 2753 1493 eccle-

1926 1525 2037 1579 siae
2070 1532 2266 1579 vestra-

1861 1629 1886 1656 ''
1900 1635 2060 1696 atque
2096 1628 2319 1683 actionis
2364 1598 2575 1697 31113131,
2611 1627 2753 1696 quis-

1925 1733 2062 1785 qms.

1857 1816 2137 1875 crucifixus
2173 1835 2250 1874 33.
2299 1817 2363 1872 Η.

1856 1926 1886 1960 *
1899 1924 2151 1992 quatinus
2187 1922 2415 1979 districti
2449 1921 2717 1978 examinis.

1860 2078 2122 2148 Ciperani.

1856 2236 2036 2291 *bona
2066 2242 2163 2291 133
2195 2233 2493 2303 flagrantia.

1856 2339 2214 2408 *posteritate
2250 2339 2365 2393 eius
2399 2338 2627 2406 abrupit.

1857 2442 1998 2497 idem
2032 2442 2208 2497 faciet.

1764 2563 1767 2566 “
1859 2546 2069 2602 omnino
2105 2551 2230 2602 sunt
2263 2545 2580 2602 necessaria.

1858 2668 2106 2724 videlicet
2164 2667 2216 2721 H
2237 2704 2250 2718 .
2274 2704 2286 2716 .
2317 2707 2329 2718 .
2397 2683 2603 2736 regem,
2661 2670 2753 2736 qui

1926 2761 2114 2810 vertex
2148 2761 2205 2809 et
2237 2759 2440 2808 auctor.

1858 2875 2119 2930 valuerint
2143 2875 2443 2943 impetrare.

1861 2995 1980 3034 esse
2017 2978 2443 3035 exuberantiora.
2480 2978 2547 3030 Η.

1859 3084 2188 3138 sanctissima
2220 3084 2457 3151 ipsorum
2501 3097 2747 3149 corpora.

1859 3187 1975 3247 sine
2011 3202 2189 3254 causa,
2222 3185 2373 3242 sicut.

1861 3288 2171 3359 tyrannicae
2204 3289 2610 3358 persecutionis.

1862 3413 1908 3467 si
1944 3418 1999 3466 et
2031 3410 2112 3465 tui
2156 3411 2460 3466 memoriam
2502 3412 2557 3465 in
2597 3411 2751 3466 nobis

1929 3505 2052 3553 ante
2105 3498 2280 3553 Deum
2322 3498 2521 3567 iugiter
2573 3499 2751 3554 inesse

1932 3583 2228 3640 desideras.

1858 3708 2127 3776 *glorioso
2163 3706 2455 3763 Suetonum
2489 3704 2621 3773 regi.

1750 3849 1759 3854 -
1859 3811 2089 3880 aliquem
2123 3809 2208 3864 vel
2245 3808 2570 3877 episcopum.

1859 3934 2080 4013 beatum
2109 3930 2175 3985 A.
2193 3929 2419 3998 diligunt
2437 3930 2499 3997 (i.
2521 3947 2562 3982 e.
2586 3929 2750 4000 Apol-

1927 4017 2201 4082 linarem).

1857 4143 2142 4207 postquam
2177 4136 2244 4191 ob
2276 4136 2593 4194 huiusmodi.

1859 4242 2030 4310 Quam
2063 4242 2248 4311 utique
2283 4240 2580 4311 diligenter.

1859 4338 1998 4402 sicut
2029 4346 2148 4414 ipsi.
